2024-01-20 14:08:09.991 [DEBUG] [main] [com.huobi.api.service.usdt.market.MarketAPIServiceImpl.getSwapMarketHistoryTrade:252] - body:{"ch":"market.BTC-USDT.trade.detail","ts":1705730883173,"status":"ok","data":[{"id":100021959109355,"ts":1705729930054,"data":[{"amount":180,"quantity":0.18,"trade_turnover":7503.174,"ts":1705729930054,"id":1000219591093550000,"price":41684.3,"direction":"sell"},{"amount":180,"quantity":0.18,"trade_turnover":7503.174,"ts":1705729930054,"id":1000219591093550001,"price":41684.3,"direction":"sell"},{"amount":72,"quantity":0.072,"trade_turnover":3001.2696,"ts":1705729930054,"id":1000219591093550002,"price":41684.3,"direction":"sell"},{"amount":156,"quantity":0.156,"trade_turnover":6502.7508,"ts":1705729930054,"id":1000219591093550003,"price":41684.3,"direction":"sell"}]},{"id":100021959112577,"ts":1705729949436,"data":[{"amount":80,"quantity":0.08,"trade_turnover":3334.744,"ts":1705729949436,"id":1000219591125770000,"price":41684.3,"direction":"sell"}]},{"id":100021959112935,"ts":1705729952031,"data":[{"amount":38,"quantity":0.038,"trade_turnover":1584.0034,"ts":1705729952031,"id":1000219591129350000,"price":41684.3,"direction":"sell"}]},{"id":100021959113212,"ts":1705729952893,"data":[{"amount":108,"quantity":0.108,"trade_turnover":4501.872,"ts":1705729952893,"id":1000219591132120000,"price":41684.0,"direction":"sell"}]},{"id":100021959115533,"ts":1705729965777,"data":[{"amount":2,"quantity":0.002,"trade_turnover":83.3572,"ts":1705729965777,"id":1000219591155330000,"price":41678.6,"direction":"sell"},{"amount":2,"quantity":0.002,"trade_turnover":83.3572,"ts":1705729965777,"id":1000219591155330001,"price":41678.6,"direction":"sell"},{"amount":120,"quantity":0.12,"trade_turnover":5001.432,"ts":1705729965777,"id":1000219591155330002,"price":41678.6,"direction":"sell"}]},{"id":100021959117959,"ts":1705729981006,"data":[{"amount":10,"quantity":0.01,"trade_turnover":416.787,"ts":1705729981006,"id":1000219591179590000,"price":41678.7,"direction":"buy"}]},{"id":100021959120977,"ts":1705729996220,"data":[{"amount":2,"quantity":0.002,"trade_turnover":83.3574,"ts":1705729996220,"id":1000219591209770000,"price":41678.7,"direction":"buy"},{"amount":2,"quantity":0.002,"trade_turnover":83.3574,"ts":1705729996220,"id":1000219591209770001,"price":41678.7,"direction":"buy"},{"amount":2,"quantity":0.002,"trade_turnover":83.3574,"ts":1705729996220,"id":1000219591209770002,"price":41678.7,"direction":"buy"}]},{"id":100021959128146,"ts":1705730035901,"data":[{"amount":32,"quantity":0.032,"trade_turnover":1333.7184,"ts":1705730035901,"id":1000219591281460000,"price":41678.7,"direction":"buy"},{"amount":360,"quantity":0.36,"trade_turnover":15004.332,"ts":1705730035901,"id":1000219591281460001,"price":41678.7,"direction":"buy"},{"amount":38,"quantity":0.038,"trade_turnover":1583.7906,"ts":1705730035901,"id":1000219591281460002,"price":41678.7,"direction":"buy"},{"amount":38,"quantity":0.038,"trade_turnover":1583.7906,"ts":1705730035901,"id":1000219591281460003,"price":41678.7,"direction":"buy"},{"amount":56,"quantity":0.056,"trade_turnover":2334.0072,"ts":1705730035901,"id":1000219591281460004,"price":41678.7,"direction":"buy"}]},{"id":100021959129050,"ts":1705730041543,"data":[{"amount":18,"quantity":0.018,"trade_turnover":750.2166,"ts":1705730041543,"id":1000219591290500000,"price":41678.7,"direction":"buy"}]},{"id":100021959130148,"ts":1705730044826,"data":[{"amount":22,"quantity":0.022,"trade_turnover":916.9292,"ts":1705730044826,"id":1000219591301480000,"price":41678.6,"direction":"sell"}]},{"id":100021959130536,"ts":1705730046036,"data":[{"amount":6,"quantity":0.006,"trade_turnover":250.0722,"ts":1705730046036,"id":1000219591305360000,"price":41678.7,"direction":"buy"},{"amount":94,"quantity":0.094,"trade_turnover":3917.7978,"ts":1705730046036,"id":1000219591305360001,"price":41678.7,"direction":"buy"}]},{"id":100021959132143,"ts":1705730050699,"data":[{"amount":20,"quantity":0.02,"trade_turnover":833.574,"ts":1705730050699,"id":1000219591321430000,"price":41678.7,"direction":"buy"}]},{"id":100021959134951,"ts":1705730058025,"data":[{"amount":2,"quantity":0.002,"trade_turnover":83.3574,"ts":1705730058025,"id":1000219591349510000,"price":41678.7,"direction":"buy"},{"amount":498,"quantity":0.498,"trade_turnover":20758.6818,"ts":1705730058025,"id":1000219591349510001,"price":41684.1,"direction":"buy"}]},{"id":100021959137474,"ts":1705730074883,"data":[{"amount":76,"quantity":0.076,"trade_turnover":3167.984,"ts":1705730074883,"id":1000219591374740000,"price":41684.0,"direction":"sell"}]},{"id":100021959140120,"ts":1705730091827,"data":[{"amount":104,"quantity":0.104,"trade_turnover":4335.136,"ts":1705730091827,"id":1000219591401200000,"price":41684.0,"direction":"sell"}]},{"id":100021959140303,"ts":1705730091883,"data":[{"amount":32,"quantity":0.032,"trade_turnover":1333.696,"ts":1705730091883,"id":1000219591403030000,"price":41678.0,"direction":"sell"}]},{"id":100021959140501,"ts":1705730091950,"data":[{"amount":2,"quantity":0.002,"trade_turnover":83.349,"ts":1705730091950,"id":1000219591405010000,"price":41674.5,"direction":"sell"},{"amount":240,"quantity":0.24,"trade_turnover":10001.88,"ts":1705730091950,"id":1000219591405010001,"price":41674.5,"direction":"sell"}]},{"id":100021959140657,"ts":1705730092041,"data":[{"amount":120,"quantity":0.12,"trade_turnover":5000.94,"ts":1705730092041,"id":1000219591406570000,"price":41674.5,"direction":"sell"},{"amount":360,"quantity":0.36,"trade_turnover":15002.82,"ts":1705730092041,"id":1000219591406570001,"price":41674.5,"direction":"sell"}]},{"id":100021959140767,"ts":1705730092146,"data":[{"amount":1116,"quantity":1.116,"trade_turnover":46508.742,"ts":1705730092146,"id":1000219591407670000,"price":41674.5,"direction":"sell"}]},{"id":100021959141698,"ts":1705730096681,"data":[{"amount":22,"quantity":0.022,"trade_turnover":916.6806,"ts":1705730096681,"id":1000219591416980000,"price":41667.3,"direction":"buy"}]},{"id":100021959149726,"ts":1705730139822,"data":[{"amount":240,"quantity":0.24,"trade_turnover":9999.792,"ts":1705730139822,"id":1000219591497260000,"price":41665.8,"direction":"sell"},{"amount":120,"quantity":0.12,"trade_turnover":4999.896,"ts":1705730139822,"id":1000219591497260001,"price":41665.8,"direction":"sell"}]},{"id":100021959152432,"ts":1705730157659,"data":[{"amount":14,"quantity":0.014,"trade_turnover":583.2624,"ts":1705730157659,"id":1000219591524320000,"price":41661.6,"direction":"buy"}]},{"id":100021959152930,"ts":1705730160807,"data":[{"amount":2,"quantity":0.002,"trade_turnover":83.323,"ts":1705730160807,"id":1000219591529300000,"price":41661.5,"direction":"sell"}]},{"id":100021959155984,"ts":1705730180234,"data":[{"amount":4,"quantity":0.004,"trade_turnover":166.646,"ts":1705730180234,"id":1000219591559840000,"price":41661.5,"direction":"sell"}]},{"id":100021959157783,"ts":1705730189460,"data":[{"amount":8,"quantity":0.008,"trade_turnover":333.2928,"ts":1705730189460,"id":1000219591577830000,"price":41661.6,"direction":"buy"}]},{"id":100021959157996,"ts":1705730189972,"data":[{"amount":8,"quantity":0.008,"trade_turnover":333.2928,"ts":1705730189972,"id":1000219591579960000,"price":41661.6,"direction":"buy"}]},{"id":100021959161307,"ts":1705730201402,"data":[{"amount":24,"quantity":0.024,"trade_turnover":999.8784,"ts":1705730201402,"id":1000219591613070000,"price":41661.6,"direction":"buy"}]},{"id":100021959161681,"ts":1705730202217,"data":[{"amount":320,"quantity":0.32,"trade_turnover":13331.712,"ts":1705730202217,"id":1000219591616810000,"price":41661.6,"direction":"buy"}]},{"id":100021959161751,"ts":1705730202250,"data":[{"amount":18,"quantity":0.018,"trade_turnover":749.916,"ts":1705730202250,"id":1000219591617510000,"price":41662.0,"direction":"buy"}]},{"id":100021959161795,"ts":1705730202276,"data":[{"amount":18,"quantity":0.018,"trade_turnover":750.0366,"ts":1705730202276,"id":1000219591617950000,"price":41668.7,"direction":"buy"}]},{"id":100021959161853,"ts":1705730202292,"data":[{"amount":14,"quantity":0.014,"trade_turnover":583.4248,"ts":1705730202292,"id":1000219591618530000,"price":41673.2,"direction":"buy"},{"amount":932,"quantity":0.932,"trade_turnover":38839.4224,"ts":1705730202292,"id":1000219591618530001,"price":41673.2,"direction":"buy"}]},{"id":100021959162020,"ts":1705730202350,"data":[{"amount":1132,"quantity":1.132,"trade_turnover":47168.9684,"ts":1705730202350,"id":1000219591620200000,"price":41668.7,"direction":"buy"}]},{"id":100021959162617,"ts":1705730203594,"data":[{"amount":2,"quantity":0.002,"trade_turnover":83.346,"ts":1705730203594,"id":1000219591626170000,"price":41673.0,"direction":"sell"}]},{"id":100021959165670,"ts":1705730216920,"data":[{"amount":2,"quantity":0.002,"trade_turnover":83.3554,"ts":1705730216920,"id":1000219591656700000,"price":41677.7,"direction":"sell"}]},{"id":100021959166733,"ts":1705730223156,"data":[{"amount":6,"quantity":0.006,"trade_turnover":250.0668,"ts":1705730223156,"id":1000219591667330000,"price":41677.8,"direction":"buy"}]},{"id":100021959172522,"ts":1705730260462,"data":[{"amount":2,"quantity":0.002,"trade_turnover":83.3556,"ts":1705730260462,"id":1000219591725220000,"price":41677.8,"direction":"buy"}]},{"id":100021959172910,"ts":1705730263027,"data":[{"amount":48,"quantity":0.048,"trade_turnover":2000.5344,"ts":1705730263027,"id":1000219591729100000,"price":41677.8,"direction":"buy"}]},{"id":100021959172991,"ts":1705730263540,"data":[{"amount":48,"quantity":0.048,"trade_turnover":2000.5344,"ts":1705730263540,"id":1000219591729910000,"price":41677.8,"direction":"buy"}]},{"id":100021959175680,"ts":1705730280779,"data":[{"amount":16,"quantity":0.016,"trade_turnover":666.8448,"ts":1705730280779,"id":1000219591756800000,"price":41677.8,"direction":"buy"},{"amount":120,"quantity":0.12,"trade_turnover":5001.336,"ts":1705730280779,"id":1000219591756800001,"price":41677.8,"direction":"buy"},{"amount":1078,"quantity":1.078,"trade_turnover":44928.6684,"ts":1705730280779,"id":1000219591756800002,"price":41677.8,"direction":"buy"},{"amount":804,"quantity":0.804,"trade_turnover":33508.9512,"ts":1705730280779,"id":1000219591756800003,"price":41677.8,"direction":"buy"}]},{"id":100021959177943,"ts":1705730295192,"data":[{"amount":12,"quantity":0.012,"trade_turnover":500.178,"ts":1705730295192,"id":1000219591779430000,"price":41681.5,"direction":"sell"},{"amount":66,"quantity":0.066,"trade_turnover":2750.979,"ts":1705730295192,"id":1000219591779430001,"price":41681.5,"direction":"sell"}]},{"id":100021959179513,"ts":1705730305955,"data":[{"amount":246,"quantity":0.246,"trade_turnover":10253.649,"ts":1705730305955,"id":1000219591795130000,"price":41681.5,"direction":"sell"}]},{"id":100021959183539,"ts":1705730325322,"data":[{"amount":8,"quantity":0.008,"trade_turnover":333.4008,"ts":1705730325322,"id":1000219591835390000,"price":41675.1,"direction":"sell"}]},{"id":100021959189630,"ts":1705730361282,"data":[{"amount":8,"quantity":0.008,"trade_turnover":333.42,"ts":1705730361282,"id":1000219591896300000,"price":41677.5,"direction":"buy"}]},{"id":100021959193926,"ts":1705730386997,"data":[{"amount":2,"quantity":0.002,"trade_turnover":83.3548,"ts":1705730386997,"id":1000219591939260000,"price":41677.4,"direction":"sell"},{"amount":220,"quantity":0.22,"trade_turnover":9169.028,"ts":1705730386997,"id":1000219591939260001,"price":41677.4,"direction":"sell"},{"amount":274,"quantity":0.274,"trade_turnover":11419.6076,"ts":1705730386997,"id":1000219591939260002,"price":41677.4,"direction":"sell"}]},{"id":100021959195647,"ts":1705730394478,"data":[{"amount":48,"quantity":0.048,"trade_turnover":2000.952,"ts":1705730394478,"id":1000219591956470000,"price":41686.5,"direction":"sell"}]},{"id":100021959196695,"ts":1705730401483,"data":[{"amount":22,"quantity":0.022,"trade_turnover":917.103,"ts":1705730401483,"id":1000219591966950000,"price":41686.5,"direction":"sell"}]},{"id":100021959199224,"ts":1705730417793,"data":[{"amount":12,"quantity":0.012,"trade_turnover":500.2392,"ts":1705730417793,"id":1000219591992240000,"price":41686.6,"direction":"buy"}]},{"id":100021959200616,"ts":1705730428231,"data":[{"amount":62,"quantity":0.062,"trade_turnover":2584.5692,"ts":1705730428231,"id":1000219592006160000,"price":41686.6,"direction":"buy"},{"amount":144,"quantity":0.144,"trade_turnover":6002.8704,"ts":1705730428231,"id":1000219592006160001,"price":41686.6,"direction":"buy"}]},{"id":100021959204013,"ts":1705730448740,"data":[{"amount":4,"quantity":0.004,"trade_turnover":166.7516,"ts":1705730448740,"id":1000219592040130000,"price":41687.9,"direction":"buy"}]},{"id":100021959205366,"ts":1705730456042,"data":[{"amount":4,"quantity":0.004,"trade_turnover":166.7516,"ts":1705730456042,"id":1000219592053660000,"price":41687.9,"direction":"buy"}]},{"id":100021959206719,"ts":1705730459859,"data":[{"amount":6,"quantity":0.006,"trade_turnover":250.1274,"ts":1705730459859,"id":1000219592067190000,"price":41687.9,"direction":"buy"}]},{"id":100021959207023,"ts":1705730461285,"data":[{"amount":8,"quantity":0.008,"trade_turnover":333.5032,"ts":1705730461285,"id":1000219592070230000,"price":41687.9,"direction":"buy"}]},{"id":100021959208790,"ts":1705730471136,"data":[{"amount":4,"quantity":0.004,"trade_turnover":166.7516,"ts":1705730471136,"id":1000219592087900000,"price":41687.9,"direction":"buy"}]},{"id":100021959210143,"ts":1705730479196,"data":[{"amount":4,"quantity":0.004,"trade_turnover":166.7516,"ts":1705730479196,"id":1000219592101430000,"price":41687.9,"direction":"buy"}]},{"id":100021959213226,"ts":1705730500500,"data":[{"amount":8,"quantity":0.008,"trade_turnover":333.5032,"ts":1705730500500,"id":1000219592132260000,"price":41687.9,"direction":"buy"}]},{"id":100021959214611,"ts":1705730510026,"data":[{"amount":4,"quantity":0.004,"trade_turnover":166.7516,"ts":1705730510026,"id":1000219592146110000,"price":41687.9,"direction":"buy"}]},{"id":100021959217039,"ts":1705730524481,"data":[{"amount":4,"quantity":0.004,"trade_turnover":166.7516,"ts":1705730524481,"id":1000219592170390000,"price":41687.9,"direction":"buy"}]},{"id":100021959219091,"ts":1705730539291,"data":[{"amount":6,"quantity":0.006,"trade_turnover":250.1274,"ts":1705730539291,"id":1000219592190910000,"price":41687.9,"direction":"buy"}]},{"id":100021959220076,"ts":1705730546214,"data":[{"amount":18,"quantity":0.018,"trade_turnover":750.3804,"ts":1705730546214,"id":1000219592200760000,"price":41687.8,"direction":"sell"}]},{"id":100021959220387,"ts":1705730548187,"data":[{"amount":4,"quantity":0.004,"trade_turnover":166.7516,"ts":1705730548187,"id":1000219592203870000,"price":41687.9,"direction":"buy"}]},{"id":100021959221159,"ts":1705730553046,"data":[{"amount":360,"quantity":0.36,"trade_turnover":15007.608,"ts":1705730553046,"id":1000219592211590000,"price":41687.8,"direction":"sell"},{"amount":694,"quantity":0.694,"trade_turnover":28931.3332,"ts":1705730553046,"id":1000219592211590001,"price":41687.8,"direction":"sell"}]},{"id":100021959221574,"ts":1705730554327,"data":[{"amount":6,"quantity":0.006,"trade_turnover":250.1274,"ts":1705730554327,"id":1000219592215740000,"price":41687.9,"direction":"buy"}]},{"id":100021959222120,"ts":1705730555592,"data":[{"amount":280,"quantity":0.28,"trade_turnover":11672.584,"ts":1705730555592,"id":1000219592221200000,"price":41687.8,"direction":"sell"}]},{"id":100021959222332,"ts":1705730555979,"data":[{"amount":142,"quantity":0.142,"trade_turnover":5919.6676,"ts":1705730555979,"id":1000219592223320000,"price":41687.8,"direction":"sell"},{"amount":116,"quantity":0.116,"trade_turnover":4835.7848,"ts":1705730555979,"id":1000219592223320001,"price":41687.8,"direction":"sell"}]},{"id":100021959222685,"ts":1705730556736,"data":[{"amount":48,"quantity":0.048,"trade_turnover":2000.952,"ts":1705730556736,"id":1000219592226850000,"price":41686.5,"direction":"sell"}]},{"id":100021959222904,"ts":1705730557141,"data":[{"amount":192,"quantity":0.192,"trade_turnover":8003.808,"ts":1705730557141,"id":1000219592229040000,"price":41686.5,"direction":"sell"},{"amount":102,"quantity":0.102,"trade_turnover":4252.023,"ts":1705730557141,"id":1000219592229040001,"price":41686.5,"direction":"sell"}]},{"id":100021959223273,"ts":1705730558081,"data":[{"amount":138,"quantity":0.138,"trade_turnover":5752.737,"ts":1705730558081,"id":1000219592232730000,"price":41686.5,"direction":"sell"},{"amount":46,"quantity":0.046,"trade_turnover":1917.579,"ts":1705730558081,"id":1000219592232730001,"price":41686.5,"direction":"sell"},{"amount":62,"quantity":0.062,"trade_turnover":2584.563,"ts":1705730558081,"id":1000219592232730002,"price":41686.5,"direction":"sell"}]},{"id":100021959223726,"ts":1705730559068,"data":[{"amount":110,"quantity":0.11,"trade_turnover":4585.515,"ts":1705730559068,"id":1000219592237260000,"price":41686.5,"direction":"sell"}]},{"id":100021959228167,"ts":1705730586224,"data":[{"amount":18,"quantity":0.018,"trade_turnover":750.222,"ts":1705730586224,"id":1000219592281670000,"price":41679.0,"direction":"buy"}]},{"id":100021959231015,"ts":1705730603911,"data":[{"amount":50,"quantity":0.05,"trade_turnover":2083.945,"ts":1705730603911,"id":1000219592310150000,"price":41678.9,"direction":"sell"}]},{"id":100021959231294,"ts":1705730605476,"data":[{"amount":4,"quantity":0.004,"trade_turnover":166.716,"ts":1705730605476,"id":1000219592312940000,"price":41679.0,"direction":"buy"}]},{"id":100021959232507,"ts":1705730613275,"data":[{"amount":2,"quantity":0.002,"trade_turnover":83.3578,"ts":1705730613275,"id":1000219592325070000,"price":41678.9,"direction":"sell"}]},{"id":100021959233029,"ts":1705730616456,"data":[{"amount":30,"quantity":0.03,"trade_turnover":1250.37,"ts":1705730616456,"id":1000219592330290000,"price":41679.0,"direction":"buy"}]},{"id":100021959234436,"ts":1705730625709,"data":[{"amount":8,"quantity":0.008,"trade_turnover":333.432,"ts":1705730625709,"id":1000219592344360000,"price":41679.0,"direction":"buy"}]},{"id":100021959236650,"ts":1705730640016,"data":[{"amount":8,"quantity":0.008,"trade_turnover":333.432,"ts":1705730640016,"id":1000219592366500000,"price":41679.0,"direction":"buy"}]},{"id":100021959239614,"ts":1705730659732,"data":[{"amount":6,"quantity":0.006,"trade_turnover":250.074,"ts":1705730659732,"id":1000219592396140000,"price":41679.0,"direction":"buy"}]},{"id":100021959241518,"ts":1705730674824,"data":[{"amount":4,"quantity":0.004,"trade_turnover":166.716,"ts":1705730674824,"id":1000219592415180000,"price":41679.0,"direction":"buy"}]},{"id":100021959241682,"ts":1705730675951,"data":[{"amount":8,"quantity":0.008,"trade_turnover":333.432,"ts":1705730675951,"id":1000219592416820000,"price":41679.0,"direction":"buy"}]},{"id":100021959242740,"ts":1705730683460,"data":[{"amount":4,"quantity":0.004,"trade_turnover":166.716,"ts":1705730683460,"id":1000219592427400000,"price":41679.0,"direction":"buy"}]},{"id":100021959245540,"ts":1705730694839,"data":[{"amount":8,"quantity":0.008,"trade_turnover":333.432,"ts":1705730694839,"id":1000219592455400000,"price":41679.0,"direction":"buy"}]},{"id":100021959246185,"ts":1705730699121,"data":[{"amount":2,"quantity":0.002,"trade_turnover":83.358,"ts":1705730699121,"id":1000219592461850000,"price":41679.0,"direction":"buy"}]},{"id":100021959246344,"ts":1705730700032,"data":[{"amount":4,"quantity":0.004,"trade_turnover":166.716,"ts":1705730700032,"id":1000219592463440000,"price":41679.0,"direction":"buy"}]},{"id":100021959249555,"ts":1705730709336,"data":[{"amount":2,"quantity":0.002,"trade_turnover":83.3622,"ts":1705730709336,"id":1000219592495550000,"price":41681.1,"direction":"buy"}]},{"id":100021959250842,"ts":1705730716089,"data":[{"amount":8,"quantity":0.008,"trade_turnover":333.5024,"ts":1705730716089,"id":1000219592508420000,"price":41687.8,"direction":"buy"},{"amount":360,"quantity":0.36,"trade_turnover":15007.608,"ts":1705730716089,"id":1000219592508420001,"price":41687.8,"direction":"buy"},{"amount":76,"quantity":0.076,"trade_turnover":3168.2728,"ts":1705730716089,"id":1000219592508420002,"price":41687.8,"direction":"buy"}]},{"id":100021959252550,"ts":1705730724964,"data":[{"amount":10,"quantity":0.01,"trade_turnover":416.845,"ts":1705730724964,"id":1000219592525500000,"price":41684.5,"direction":"sell"}]},{"id":100021959255847,"ts":1705730736046,"data":[{"amount":22,"quantity":0.022,"trade_turnover":917.026,"ts":1705730736046,"id":1000219592558470000,"price":41683.0,"direction":"buy"}]},{"id":100021959257827,"ts":1705730746713,"data":[{"amount":8,"quantity":0.008,"trade_turnover":333.464,"ts":1705730746713,"id":1000219592578270000,"price":41683.0,"direction":"buy"}]},{"id":100021959258109,"ts":1705730748124,"data":[{"amount":96,"quantity":0.096,"trade_turnover":4001.568,"ts":1705730748124,"id":1000219592581090000,"price":41683.0,"direction":"buy"}]},{"id":100021959259536,"ts":1705730756423,"data":[{"amount":8,"quantity":0.008,"trade_turnover":333.464,"ts":1705730756423,"id":1000219592595360000,"price":41683.0,"direction":"buy"}]},{"id":100021959261073,"ts":1705730765445,"data":[{"amount":8,"quantity":0.008,"trade_turnover":333.464,"ts":1705730765445,"id":1000219592610730000,"price":41683.0,"direction":"buy"}]},{"id":100021959262652,"ts":1705730775582,"data":[{"amount":8,"quantity":0.008,"trade_turnover":333.464,"ts":1705730775582,"id":1000219592626520000,"price":41683.0,"direction":"buy"}]},{"id":100021959263050,"ts":1705730777952,"data":[{"amount":4,"quantity":0.004,"trade_turnover":166.732,"ts":1705730777952,"id":1000219592630500000,"price":41683.0,"direction":"buy"}]},{"id":100021959264518,"ts":1705730782701,"data":[{"amount":8,"quantity":0.008,"trade_turnover":333.4504,"ts":1705730782701,"id":1000219592645180000,"price":41681.3,"direction":"buy"}]},{"id":100021959265744,"ts":1705730789030,"data":[{"amount":8,"quantity":0.008,"trade_turnover":333.4504,"ts":1705730789030,"id":1000219592657440000,"price":41681.3,"direction":"buy"}]},{"id":100021959265996,"ts":1705730790368,"data":[{"amount":2,"quantity":0.002,"trade_turnover":83.3624,"ts":1705730790368,"id":1000219592659960000,"price":41681.2,"direction":"sell"},{"amount":68,"quantity":0.068,"trade_turnover":2834.3216,"ts":1705730790368,"id":1000219592659960001,"price":41681.2,"direction":"sell"}]},{"id":100021959267558,"ts":1705730800248,"data":[{"amount":100,"quantity":0.1,"trade_turnover":4168.12,"ts":1705730800248,"id":1000219592675580000,"price":41681.2,"direction":"sell"}]},{"id":100021959272302,"ts":1705730828777,"data":[{"amount":38,"quantity":0.038,"trade_turnover":1583.8856,"ts":1705730828777,"id":1000219592723020000,"price":41681.2,"direction":"sell"}]},{"id":100021959274000,"ts":1705730839496,"data":[{"amount":4,"quantity":0.004,"trade_turnover":166.7252,"ts":1705730839496,"id":1000219592740000000,"price":41681.3,"direction":"buy"}]},{"id":100021959274761,"ts":1705730845484,"data":[{"amount":2,"quantity":0.002,"trade_turnover":83.3626,"ts":1705730845484,"id":1000219592747610000,"price":41681.3,"direction":"buy"}]},{"id":100021959279207,"ts":1705730870849,"data":[{"amount":4,"quantity":0.004,"trade_turnover":166.7248,"ts":1705730870849,"id":1000219592792070000,"price":41681.2,"direction":"sell"}]}]}
2024-01-20 14:08:10.132 [DEBUG] [main] [com.huobi.usdt.api.BaseTest.getSwapMarketHistoryTradeResponse:89] - 9.批量获取最近的交易记录:{"ch":"market.BTC-USDT.trade.detail","data":[{"data":[{"amount":180,"direction":"sell","id":1000219591093550000,"price":41684.3,"quantity":0.18,"tradeTurnover":7503.174,"ts":1705729930054},{"amount":180,"direction":"sell","id":1000219591093550001,"price":41684.3,"quantity":0.18,"tradeTurnover":7503.174,"ts":1705729930054},{"amount":72,"direction":"sell","id":1000219591093550002,"price":41684.3,"quantity":0.072,"tradeTurnover":3001.2696,"ts":1705729930054},{"amount":156,"direction":"sell","id":1000219591093550003,"price":41684.3,"quantity":0.156,"tradeTurnover":6502.7508,"ts":1705729930054}],"id":100021959109355,"ts":1705729930054},{"data":[{"amount":80,"direction":"sell","id":1000219591125770000,"price":41684.3,"quantity":0.08,"tradeTurnover":3334.744,"ts":1705729949436}],"id":100021959112577,"ts":1705729949436},{"data":[{"amount":38,"direction":"sell","id":1000219591129350000,"price":41684.3,"quantity":0.038,"tradeTurnover":1584.0034,"ts":1705729952031}],"id":100021959112935,"ts":1705729952031},{"data":[{"amount":108,"direction":"sell","id":1000219591132120000,"price":41684.0,"quantity":0.108,"tradeTurnover":4501.872,"ts":1705729952893}],"id":100021959113212,"ts":1705729952893},{"data":[{"amount":2,"direction":"sell","id":1000219591155330000,"price":41678.6,"quantity":0.002,"tradeTurnover":83.3572,"ts":1705729965777},{"amount":2,"direction":"sell","id":1000219591155330001,"price":41678.6,"quantity":0.002,"tradeTurnover":83.3572,"ts":1705729965777},{"amount":120,"direction":"sell","id":1000219591155330002,"price":41678.6,"quantity":0.12,"tradeTurnover":5001.432,"ts":1705729965777}],"id":100021959115533,"ts":1705729965777},{"data":[{"amount":10,"direction":"buy","id":1000219591179590000,"price":41678.7,"quantity":0.01,"tradeTurnover":416.787,"ts":1705729981006}],"id":100021959117959,"ts":1705729981006},{"data":[{"amount":2,"direction":"buy","id":1000219591209770000,"price":41678.7,"quantity":0.002,"tradeTurnover":83.3574,"ts":1705729996220},{"amount":2,"direction":"buy","id":1000219591209770001,"price":41678.7,"quantity":0.002,"tradeTurnover":83.3574,"ts":1705729996220},{"amount":2,"direction":"buy","id":1000219591209770002,"price":41678.7,"quantity":0.002,"tradeTurnover":83.3574,"ts":1705729996220}],"id":100021959120977,"ts":1705729996220},{"data":[{"amount":32,"direction":"buy","id":1000219591281460000,"price":41678.7,"quantity":0.032,"tradeTurnover":1333.7184,"ts":1705730035901},{"amount":360,"direction":"buy","id":1000219591281460001,"price":41678.7,"quantity":0.36,"tradeTurnover":15004.332,"ts":1705730035901},{"amount":38,"direction":"buy","id":1000219591281460002,"price":41678.7,"quantity":0.038,"tradeTurnover":1583.7906,"ts":1705730035901},{"amount":38,"direction":"buy","id":1000219591281460003,"price":41678.7,"quantity":0.038,"tradeTurnover":1583.7906,"ts":1705730035901},{"amount":56,"direction":"buy","id":1000219591281460004,"price":41678.7,"quantity":0.056,"tradeTurnover":2334.0072,"ts":1705730035901}],"id":100021959128146,"ts":1705730035901},{"data":[{"amount":18,"direction":"buy","id":1000219591290500000,"price":41678.7,"quantity":0.018,"tradeTurnover":750.2166,"ts":1705730041543}],"id":100021959129050,"ts":1705730041543},{"data":[{"amount":22,"direction":"sell","id":1000219591301480000,"price":41678.6,"quantity":0.022,"tradeTurnover":916.9292,"ts":1705730044826}],"id":100021959130148,"ts":1705730044826},{"data":[{"amount":6,"direction":"buy","id":1000219591305360000,"price":41678.7,"quantity":0.006,"tradeTurnover":250.0722,"ts":1705730046036},{"amount":94,"direction":"buy","id":1000219591305360001,"price":41678.7,"quantity":0.094,"tradeTurnover":3917.7978,"ts":1705730046036}],"id":100021959130536,"ts":1705730046036},{"data":[{"amount":20,"direction":"buy","id":1000219591321430000,"price":41678.7,"quantity":0.02,"tradeTurnover":833.574,"ts":1705730050699}],"id":100021959132143,"ts":1705730050699},{"data":[{"amount":2,"direction":"buy","id":1000219591349510000,"price":41678.7,"quantity":0.002,"tradeTurnover":83.3574,"ts":1705730058025},{"amount":498,"direction":"buy","id":1000219591349510001,"price":41684.1,"quantity":0.498,"tradeTurnover":20758.6818,"ts":1705730058025}],"id":100021959134951,"ts":1705730058025},{"data":[{"amount":76,"direction":"sell","id":1000219591374740000,"price":41684.0,"quantity":0.076,"tradeTurnover":3167.984,"ts":1705730074883}],"id":100021959137474,"ts":1705730074883},{"data":[{"amount":104,"direction":"sell","id":1000219591401200000,"price":41684.0,"quantity":0.104,"tradeTurnover":4335.136,"ts":1705730091827}],"id":100021959140120,"ts":1705730091827},{"data":[{"amount":32,"direction":"sell","id":1000219591403030000,"price":41678.0,"quantity":0.032,"tradeTurnover":1333.696,"ts":1705730091883}],"id":100021959140303,"ts":1705730091883},{"data":[{"amount":2,"direction":"sell","id":1000219591405010000,"price":41674.5,"quantity":0.002,"tradeTurnover":83.349,"ts":1705730091950},{"amount":240,"direction":"sell","id":1000219591405010001,"price":41674.5,"quantity":0.24,"tradeTurnover":10001.88,"ts":1705730091950}],"id":100021959140501,"ts":1705730091950},{"data":[{"amount":120,"direction":"sell","id":1000219591406570000,"price":41674.5,"quantity":0.12,"tradeTurnover":5000.94,"ts":1705730092041},{"amount":360,"direction":"sell","id":1000219591406570001,"price":41674.5,"quantity":0.36,"tradeTurnover":15002.82,"ts":1705730092041}],"id":100021959140657,"ts":1705730092041},{"data":[{"amount":1116,"direction":"sell","id":1000219591407670000,"price":41674.5,"quantity":1.116,"tradeTurnover":46508.742,"ts":1705730092146}],"id":100021959140767,"ts":1705730092146},{"data":[{"amount":22,"direction":"buy","id":1000219591416980000,"price":41667.3,"quantity":0.022,"tradeTurnover":916.6806,"ts":1705730096681}],"id":100021959141698,"ts":1705730096681},{"data":[{"amount":240,"direction":"sell","id":1000219591497260000,"price":41665.8,"quantity":0.24,"tradeTurnover":9999.792,"ts":1705730139822},{"amount":120,"direction":"sell","id":1000219591497260001,"price":41665.8,"quantity":0.12,"tradeTurnover":4999.896,"ts":1705730139822}],"id":100021959149726,"ts":1705730139822},{"data":[{"amount":14,"direction":"buy","id":1000219591524320000,"price":41661.6,"quantity":0.014,"tradeTurnover":583.2624,"ts":1705730157659}],"id":100021959152432,"ts":1705730157659},{"data":[{"amount":2,"direction":"sell","id":1000219591529300000,"price":41661.5,"quantity":0.002,"tradeTurnover":83.323,"ts":1705730160807}],"id":100021959152930,"ts":1705730160807},{"data":[{"amount":4,"direction":"sell","id":1000219591559840000,"price":41661.5,"quantity":0.004,"tradeTurnover":166.646,"ts":1705730180234}],"id":100021959155984,"ts":1705730180234},{"data":[{"amount":8,"direction":"buy","id":1000219591577830000,"price":41661.6,"quantity":0.008,"tradeTurnover":333.2928,"ts":1705730189460}],"id":100021959157783,"ts":1705730189460},{"data":[{"amount":8,"direction":"buy","id":1000219591579960000,"price":41661.6,"quantity":0.008,"tradeTurnover":333.2928,"ts":1705730189972}],"id":100021959157996,"ts":1705730189972},{"data":[{"amount":24,"direction":"buy","id":1000219591613070000,"price":41661.6,"quantity":0.024,"tradeTurnover":999.8784,"ts":1705730201402}],"id":100021959161307,"ts":1705730201402},{"data":[{"amount":320,"direction":"buy","id":1000219591616810000,"price":41661.6,"quantity":0.32,"tradeTurnover":13331.712,"ts":1705730202217}],"id":100021959161681,"ts":1705730202217},{"data":[{"amount":18,"direction":"buy","id":1000219591617510000,"price":41662.0,"quantity":0.018,"tradeTurnover":749.916,"ts":1705730202250}],"id":100021959161751,"ts":1705730202250},{"data":[{"amount":18,"direction":"buy","id":1000219591617950000,"price":41668.7,"quantity":0.018,"tradeTurnover":750.0366,"ts":1705730202276}],"id":100021959161795,"ts":1705730202276},{"data":[{"amount":14,"direction":"buy","id":1000219591618530000,"price":41673.2,"quantity":0.014,"tradeTurnover":583.4248,"ts":1705730202292},{"amount":932,"direction":"buy","id":1000219591618530001,"price":41673.2,"quantity":0.932,"tradeTurnover":38839.4224,"ts":1705730202292}],"id":100021959161853,"ts":1705730202292},{"data":[{"amount":1132,"direction":"buy","id":1000219591620200000,"price":41668.7,"quantity":1.132,"tradeTurnover":47168.9684,"ts":1705730202350}],"id":100021959162020,"ts":1705730202350},{"data":[{"amount":2,"direction":"sell","id":1000219591626170000,"price":41673.0,"quantity":0.002,"tradeTurnover":83.346,"ts":1705730203594}],"id":100021959162617,"ts":1705730203594},{"data":[{"amount":2,"direction":"sell","id":1000219591656700000,"price":41677.7,"quantity":0.002,"tradeTurnover":83.3554,"ts":1705730216920}],"id":100021959165670,"ts":1705730216920},{"data":[{"amount":6,"direction":"buy","id":1000219591667330000,"price":41677.8,"quantity":0.006,"tradeTurnover":250.0668,"ts":1705730223156}],"id":100021959166733,"ts":1705730223156},{"data":[{"amount":2,"direction":"buy","id":1000219591725220000,"price":41677.8,"quantity":0.002,"tradeTurnover":83.3556,"ts":1705730260462}],"id":100021959172522,"ts":1705730260462},{"data":[{"amount":48,"direction":"buy","id":1000219591729100000,"price":41677.8,"quantity":0.048,"tradeTurnover":2000.5344,"ts":1705730263027}],"id":100021959172910,"ts":1705730263027},{"data":[{"amount":48,"direction":"buy","id":1000219591729910000,"price":41677.8,"quantity":0.048,"tradeTurnover":2000.5344,"ts":1705730263540}],"id":100021959172991,"ts":1705730263540},{"data":[{"amount":16,"direction":"buy","id":1000219591756800000,"price":41677.8,"quantity":0.016,"tradeTurnover":666.8448,"ts":1705730280779},{"amount":120,"direction":"buy","id":1000219591756800001,"price":41677.8,"quantity":0.12,"tradeTurnover":5001.336,"ts":1705730280779},{"amount":1078,"direction":"buy","id":1000219591756800002,"price":41677.8,"quantity":1.078,"tradeTurnover":44928.6684,"ts":1705730280779},{"amount":804,"direction":"buy","id":1000219591756800003,"price":41677.8,"quantity":0.804,"tradeTurnover":33508.9512,"ts":1705730280779}],"id":100021959175680,"ts":1705730280779},{"data":[{"amount":12,"direction":"sell","id":1000219591779430000,"price":41681.5,"quantity":0.012,"tradeTurnover":500.178,"ts":1705730295192},{"amount":66,"direction":"sell","id":1000219591779430001,"price":41681.5,"quantity":0.066,"tradeTurnover":2750.979,"ts":1705730295192}],"id":100021959177943,"ts":1705730295192},{"data":[{"amount":246,"direction":"sell","id":1000219591795130000,"price":41681.5,"quantity":0.246,"tradeTurnover":10253.649,"ts":1705730305955}],"id":100021959179513,"ts":1705730305955},{"data":[{"amount":8,"direction":"sell","id":1000219591835390000,"price":41675.1,"quantity":0.008,"tradeTurnover":333.4008,"ts":1705730325322}],"id":100021959183539,"ts":1705730325322},{"data":[{"amount":8,"direction":"buy","id":1000219591896300000,"price":41677.5,"quantity":0.008,"tradeTurnover":333.42,"ts":1705730361282}],"id":100021959189630,"ts":1705730361282},{"data":[{"amount":2,"direction":"sell","id":1000219591939260000,"price":41677.4,"quantity":0.002,"tradeTurnover":83.3548,"ts":1705730386997},{"amount":220,"direction":"sell","id":1000219591939260001,"price":41677.4,"quantity":0.22,"tradeTurnover":9169.028,"ts":1705730386997},{"amount":274,"direction":"sell","id":1000219591939260002,"price":41677.4,"quantity":0.274,"tradeTurnover":11419.6076,"ts":1705730386997}],"id":100021959193926,"ts":1705730386997},{"data":[{"amount":48,"direction":"sell","id":1000219591956470000,"price":41686.5,"quantity":0.048,"tradeTurnover":2000.952,"ts":1705730394478}],"id":100021959195647,"ts":1705730394478},{"data":[{"amount":22,"direction":"sell","id":1000219591966950000,"price":41686.5,"quantity":0.022,"tradeTurnover":917.103,"ts":1705730401483}],"id":100021959196695,"ts":1705730401483},{"data":[{"amount":12,"direction":"buy","id":1000219591992240000,"price":41686.6,"quantity":0.012,"tradeTurnover":500.2392,"ts":1705730417793}],"id":100021959199224,"ts":1705730417793},{"data":[{"amount":62,"direction":"buy","id":1000219592006160000,"price":41686.6,"quantity":0.062,"tradeTurnover":2584.5692,"ts":1705730428231},{"amount":144,"direction":"buy","id":1000219592006160001,"price":41686.6,"quantity":0.144,"tradeTurnover":6002.8704,"ts":1705730428231}],"id":100021959200616,"ts":1705730428231},{"data":[{"amount":4,"direction":"buy","id":1000219592040130000,"price":41687.9,"quantity":0.004,"tradeTurnover":166.7516,"ts":1705730448740}],"id":100021959204013,"ts":1705730448740},{"data":[{"amount":4,"direction":"buy","id":1000219592053660000,"price":41687.9,"quantity":0.004,"tradeTurnover":166.7516,"ts":1705730456042}],"id":100021959205366,"ts":1705730456042},{"data":[{"amount":6,"direction":"buy","id":1000219592067190000,"price":41687.9,"quantity":0.006,"tradeTurnover":250.1274,"ts":1705730459859}],"id":100021959206719,"ts":1705730459859},{"data":[{"amount":8,"direction":"buy","id":1000219592070230000,"price":41687.9,"quantity":0.008,"tradeTurnover":333.5032,"ts":1705730461285}],"id":100021959207023,"ts":1705730461285},{"data":[{"amount":4,"direction":"buy","id":1000219592087900000,"price":41687.9,"quantity":0.004,"tradeTurnover":166.7516,"ts":1705730471136}],"id":100021959208790,"ts":1705730471136},{"data":[{"amount":4,"direction":"buy","id":1000219592101430000,"price":41687.9,"quantity":0.004,"tradeTurnover":166.7516,"ts":1705730479196}],"id":100021959210143,"ts":1705730479196},{"data":[{"amount":8,"direction":"buy","id":1000219592132260000,"price":41687.9,"quantity":0.008,"tradeTurnover":333.5032,"ts":1705730500500}],"id":100021959213226,"ts":1705730500500},{"data":[{"amount":4,"direction":"buy","id":1000219592146110000,"price":41687.9,"quantity":0.004,"tradeTurnover":166.7516,"ts":1705730510026}],"id":100021959214611,"ts":1705730510026},{"data":[{"amount":4,"direction":"buy","id":1000219592170390000,"price":41687.9,"quantity":0.004,"tradeTurnover":166.7516,"ts":1705730524481}],"id":100021959217039,"ts":1705730524481},{"data":[{"amount":6,"direction":"buy","id":1000219592190910000,"price":41687.9,"quantity":0.006,"tradeTurnover":250.1274,"ts":1705730539291}],"id":100021959219091,"ts":1705730539291},{"data":[{"amount":18,"direction":"sell","id":1000219592200760000,"price":41687.8,"quantity":0.018,"tradeTurnover":750.3804,"ts":1705730546214}],"id":100021959220076,"ts":1705730546214},{"data":[{"amount":4,"direction":"buy","id":1000219592203870000,"price":41687.9,"quantity":0.004,"tradeTurnover":166.7516,"ts":1705730548187}],"id":100021959220387,"ts":1705730548187},{"data":[{"amount":360,"direction":"sell","id":1000219592211590000,"price":41687.8,"quantity":0.36,"tradeTurnover":15007.608,"ts":1705730553046},{"amount":694,"direction":"sell","id":1000219592211590001,"price":41687.8,"quantity":0.694,"tradeTurnover":28931.3332,"ts":1705730553046}],"id":100021959221159,"ts":1705730553046},{"data":[{"amount":6,"direction":"buy","id":1000219592215740000,"price":41687.9,"quantity":0.006,"tradeTurnover":250.1274,"ts":1705730554327}],"id":100021959221574,"ts":1705730554327},{"data":[{"amount":280,"direction":"sell","id":1000219592221200000,"price":41687.8,"quantity":0.28,"tradeTurnover":11672.584,"ts":1705730555592}],"id":100021959222120,"ts":1705730555592},{"data":[{"amount":142,"direction":"sell","id":1000219592223320000,"price":41687.8,"quantity":0.142,"tradeTurnover":5919.6676,"ts":1705730555979},{"amount":116,"direction":"sell","id":1000219592223320001,"price":41687.8,"quantity":0.116,"tradeTurnover":4835.7848,"ts":1705730555979}],"id":100021959222332,"ts":1705730555979},{"data":[{"amount":48,"direction":"sell","id":1000219592226850000,"price":41686.5,"quantity":0.048,"tradeTurnover":2000.952,"ts":1705730556736}],"id":100021959222685,"ts":1705730556736},{"data":[{"amount":192,"direction":"sell","id":1000219592229040000,"price":41686.5,"quantity":0.192,"tradeTurnover":8003.808,"ts":1705730557141},{"amount":102,"direction":"sell","id":1000219592229040001,"price":41686.5,"quantity":0.102,"tradeTurnover":4252.023,"ts":1705730557141}],"id":100021959222904,"ts":1705730557141},{"data":[{"amount":138,"direction":"sell","id":1000219592232730000,"price":41686.5,"quantity":0.138,"tradeTurnover":5752.737,"ts":1705730558081},{"amount":46,"direction":"sell","id":1000219592232730001,"price":41686.5,"quantity":0.046,"tradeTurnover":1917.579,"ts":1705730558081},{"amount":62,"direction":"sell","id":1000219592232730002,"price":41686.5,"quantity":0.062,"tradeTurnover":2584.563,"ts":1705730558081}],"id":100021959223273,"ts":1705730558081},{"data":[{"amount":110,"direction":"sell","id":1000219592237260000,"price":41686.5,"quantity":0.11,"tradeTurnover":4585.515,"ts":1705730559068}],"id":100021959223726,"ts":1705730559068},{"data":[{"amount":18,"direction":"buy","id":1000219592281670000,"price":41679.0,"quantity":0.018,"tradeTurnover":750.222,"ts":1705730586224}],"id":100021959228167,"ts":1705730586224},{"data":[{"amount":50,"direction":"sell","id":1000219592310150000,"price":41678.9,"quantity":0.05,"tradeTurnover":2083.945,"ts":1705730603911}],"id":100021959231015,"ts":1705730603911},{"data":[{"amount":4,"direction":"buy","id":1000219592312940000,"price":41679.0,"quantity":0.004,"tradeTurnover":166.716,"ts":1705730605476}],"id":100021959231294,"ts":1705730605476},{"data":[{"amount":2,"direction":"sell","id":1000219592325070000,"price":41678.9,"quantity":0.002,"tradeTurnover":83.3578,"ts":1705730613275}],"id":100021959232507,"ts":1705730613275},{"data":[{"amount":30,"direction":"buy","id":1000219592330290000,"price":41679.0,"quantity":0.03,"tradeTurnover":1250.37,"ts":1705730616456}],"id":100021959233029,"ts":1705730616456},{"data":[{"amount":8,"direction":"buy","id":1000219592344360000,"price":41679.0,"quantity":0.008,"tradeTurnover":333.432,"ts":1705730625709}],"id":100021959234436,"ts":1705730625709},{"data":[{"amount":8,"direction":"buy","id":1000219592366500000,"price":41679.0,"quantity":0.008,"tradeTurnover":333.432,"ts":1705730640016}],"id":100021959236650,"ts":1705730640016},{"data":[{"amount":6,"direction":"buy","id":1000219592396140000,"price":41679.0,"quantity":0.006,"tradeTurnover":250.074,"ts":1705730659732}],"id":100021959239614,"ts":1705730659732},{"data":[{"amount":4,"direction":"buy","id":1000219592415180000,"price":41679.0,"quantity":0.004,"tradeTurnover":166.716,"ts":1705730674824}],"id":100021959241518,"ts":1705730674824},{"data":[{"amount":8,"direction":"buy","id":1000219592416820000,"price":41679.0,"quantity":0.008,"tradeTurnover":333.432,"ts":1705730675951}],"id":100021959241682,"ts":1705730675951},{"data":[{"amount":4,"direction":"buy","id":1000219592427400000,"price":41679.0,"quantity":0.004,"tradeTurnover":166.716,"ts":1705730683460}],"id":100021959242740,"ts":1705730683460},{"data":[{"amount":8,"direction":"buy","id":1000219592455400000,"price":41679.0,"quantity":0.008,"tradeTurnover":333.432,"ts":1705730694839}],"id":100021959245540,"ts":1705730694839},{"data":[{"amount":2,"direction":"buy","id":1000219592461850000,"price":41679.0,"quantity":0.002,"tradeTurnover":83.358,"ts":1705730699121}],"id":100021959246185,"ts":1705730699121},{"data":[{"amount":4,"direction":"buy","id":1000219592463440000,"price":41679.0,"quantity":0.004,"tradeTurnover":166.716,"ts":1705730700032}],"id":100021959246344,"ts":1705730700032},{"data":[{"amount":2,"direction":"buy","id":1000219592495550000,"price":41681.1,"quantity":0.002,"tradeTurnover":83.3622,"ts":1705730709336}],"id":100021959249555,"ts":1705730709336},{"data":[{"amount":8,"direction":"buy","id":1000219592508420000,"price":41687.8,"quantity":0.008,"tradeTurnover":333.5024,"ts":1705730716089},{"amount":360,"direction":"buy","id":1000219592508420001,"price":41687.8,"quantity":0.36,"tradeTurnover":15007.608,"ts":1705730716089},{"amount":76,"direction":"buy","id":1000219592508420002,"price":41687.8,"quantity":0.076,"tradeTurnover":3168.2728,"ts":1705730716089}],"id":100021959250842,"ts":1705730716089},{"data":[{"amount":10,"direction":"sell","id":1000219592525500000,"price":41684.5,"quantity":0.01,"tradeTurnover":416.845,"ts":1705730724964}],"id":100021959252550,"ts":1705730724964},{"data":[{"amount":22,"direction":"buy","id":1000219592558470000,"price":41683.0,"quantity":0.022,"tradeTurnover":917.026,"ts":1705730736046}],"id":100021959255847,"ts":1705730736046},{"data":[{"amount":8,"direction":"buy","id":1000219592578270000,"price":41683.0,"quantity":0.008,"tradeTurnover":333.464,"ts":1705730746713}],"id":100021959257827,"ts":1705730746713},{"data":[{"amount":96,"direction":"buy","id":1000219592581090000,"price":41683.0,"quantity":0.096,"tradeTurnover":4001.568,"ts":1705730748124}],"id":100021959258109,"ts":1705730748124},{"data":[{"amount":8,"direction":"buy","id":1000219592595360000,"price":41683.0,"quantity":0.008,"tradeTurnover":333.464,"ts":1705730756423}],"id":100021959259536,"ts":1705730756423},{"data":[{"amount":8,"direction":"buy","id":1000219592610730000,"price":41683.0,"quantity":0.008,"tradeTurnover":333.464,"ts":1705730765445}],"id":100021959261073,"ts":1705730765445},{"data":[{"amount":8,"direction":"buy","id":1000219592626520000,"price":41683.0,"quantity":0.008,"tradeTurnover":333.464,"ts":1705730775582}],"id":100021959262652,"ts":1705730775582},{"data":[{"amount":4,"direction":"buy","id":1000219592630500000,"price":41683.0,"quantity":0.004,"tradeTurnover":166.732,"ts":1705730777952}],"id":100021959263050,"ts":1705730777952},{"data":[{"amount":8,"direction":"buy","id":1000219592645180000,"price":41681.3,"quantity":0.008,"tradeTurnover":333.4504,"ts":1705730782701}],"id":100021959264518,"ts":1705730782701},{"data":[{"amount":8,"direction":"buy","id":1000219592657440000,"price":41681.3,"quantity":0.008,"tradeTurnover":333.4504,"ts":1705730789030}],"id":100021959265744,"ts":1705730789030},{"data":[{"amount":2,"direction":"sell","id":1000219592659960000,"price":41681.2,"quantity":0.002,"tradeTurnover":83.3624,"ts":1705730790368},{"amount":68,"direction":"sell","id":1000219592659960001,"price":41681.2,"quantity":0.068,"tradeTurnover":2834.3216,"ts":1705730790368}],"id":100021959265996,"ts":1705730790368},{"data":[{"amount":100,"direction":"sell","id":1000219592675580000,"price":41681.2,"quantity":0.1,"tradeTurnover":4168.12,"ts":1705730800248}],"id":100021959267558,"ts":1705730800248},{"data":[{"amount":38,"direction":"sell","id":1000219592723020000,"price":41681.2,"quantity":0.038,"tradeTurnover":1583.8856,"ts":1705730828777}],"id":100021959272302,"ts":1705730828777},{"data":[{"amount":4,"direction":"buy","id":1000219592740000000,"price":41681.3,"quantity":0.004,"tradeTurnover":166.7252,"ts":1705730839496}],"id":100021959274000,"ts":1705730839496},{"data":[{"amount":2,"direction":"buy","id":1000219592747610000,"price":41681.3,"quantity":0.002,"tradeTurnover":83.3626,"ts":1705730845484}],"id":100021959274761,"ts":1705730845484},{"data":[{"amount":4,"direction":"sell","id":1000219592792070000,"price":41681.2,"quantity":0.004,"tradeTurnover":166.7248,"ts":1705730870849}],"id":100021959279207,"ts":1705730870849}],"status":"ok","ts":1705730883173}
2024-01-20 14:15:01.181 [DEBUG] [main] [com.huobi.api.service.usdt.market.MarketAPIServiceImpl.getSwapAdjustfactor:324] - body:{"status":"ok","data":[{"symbol":"BTC","contract_code":"BTC-USDT","margin_mode":"isolated","trade_partition":"USDT","list":[{"lever_rate":200,"ladders":[{"ladder":0,"min_size":0,"max_size":3999,"adjust_factor":0.600000000000000000},{"ladder":1,"min_size":4000,"max_size":39999,"adjust_factor":0.650000000000000000},{"ladder":2,"min_size":40000,"max_size":null,"adjust_factor":0.700000000000000000}]},{"lever_rate":199,"ladders":[{"ladder":0,"min_size":0,"max_size":3999,"adjust_factor":0.550000000000000000},{"ladder":1,"min_size":4000,"max_size":39999,"adjust_factor":0.650000000000000000},{"ladder":2,"min_size":40000,"max_size":null,"adjust_factor":0.700000000000000000}]},{"lever_rate":198,"ladders":[{"ladder":0,"min_size":0,"max_size":3999,"adjust_factor":0.550000000000000000},{"ladder":1,"min_size":4000,"max_size":39999,"adjust_factor":0.650000000000000000},{"ladder":2,"min_size":40000,"max_size":null,"adjust_factor":0.700000000000000000}]},{"lever_rate":197,"ladders":[{"ladder":0,"min_size":0,"max_size":3999,"adjust_factor":0.550000000000000000},{"ladder":1,"min_size":4000,"max_size":39999,"adjust_factor":0.650000000000000000},{"ladder":2,"min_size":40000,"max_size":null,"adjust_factor":0.700000000000000000}]},{"lever_rate":196,"ladders":[{"ladder":0,"min_size":0,"max_size":3999,"adjust_factor":0.550000000000000000},{"ladder":1,"min_size":4000,"max_size":39999,"adjust_factor":0.650000000000000000},{"ladder":2,"min_size":40000,"max_size":null,"adjust_factor":0.700000000000000000}]},{"lever_rate":195,"ladders":[{"ladder":0,"min_size":0,"max_size":3999,"adjust_factor":0.550000000000000000},{"ladder":1,"min_size":4000,"max_size":39999,"adjust_factor":0.650000000000000000},{"ladder":2,"min_size":40000,"max_size":null,"adjust_factor":0.700000000000000000}]},{"lever_rate":194,"ladders":[{"ladder":0,"min_size":0,"max_size":3999,"adjust_factor":0.550000000000000000},{"ladder":1,"min_size":4000,"max_size":39999,"adjust_factor":0.650000000000000000},{"ladder":2,"min_size":40000,"max_size":null,"adjust_factor":0.700000000000000000}]},{"lever_rate":193,"ladders":[{"ladder":0,"min_size":0,"max_size":3999,"adjust_factor":0.550000000000000000},{"ladder":1,"min_size":4000,"max_size":39999,"adjust_factor":0.650000000000000000},{"ladder":2,"min_size":40000,"max_size":null,"adjust_factor":0.700000000000000000}]},{"lever_rate":192,"ladders":[{"ladder":0,"min_size":0,"max_size":3999,"adjust_factor":0.550000000000000000},{"ladder":1,"min_size":4000,"max_size":39999,"adjust_factor":0.650000000000000000},{"ladder":2,"min_size":40000,"max_size":null,"adjust_factor":0.700000000000000000}]},{"lever_rate":191,"ladders":[{"ladder":0,"min_size":0,"max_size":3999,"adjust_factor":0.550000000000000000},{"ladder":1,"min_size":4000,"max_size":39999,"adjust_factor":0.650000000000000000},{"ladder":2,"min_size":40000,"max_size":null,"adjust_factor":0.700000000000000000}]},{"lever_rate":190,"ladders":[{"ladder":0,"min_size":0,"max_size":3999,"adjust_factor":0.550000000000000000},{"ladder":1,"min_size":4000,"max_size":39999,"adjust_factor":0.650000000000000000},{"ladder":2,"min_size":40000,"max_size":null,"adjust_factor":0.700000000000000000}]},{"lever_rate":189,"ladders":[{"ladder":0,"min_size":0,"max_size":3999,"adjust_factor":0.550000000000000000},{"ladder":1,"min_size":4000,"max_size":39999,"adjust_factor":0.650000000000000000},{"ladder":2,"min_size":40000,"max_size":null,"adjust_factor":0.700000000000000000}]},{"lever_rate":188,"ladders":[{"ladder":0,"min_size":0,"max_size":3999,"adjust_factor":0.550000000000000000},{"ladder":1,"min_size":4000,"max_size":39999,"adjust_factor":0.650000000000000000},{"ladder":2,"min_size":40000,"max_size":null,"adjust_factor":0.700000000000000000}]},{"lever_rate":187,"ladders":[{"ladder":0,"min_size":0,"max_size":3999,"adjust_factor":0.550000000000000000},{"ladder":1,"min_size":4000,"max_size":39999,"adjust_factor":0.650000000000000000},{"ladder":2,"min_size":40000,"max_size":null,"adjust_factor":0.700000000000000000}]},{"lever_rate":186,"ladders":[{"ladder":0,"min_size":0,"max_size":3999,"adjust_factor":0.550000000000000000},{"ladder":1,"min_size":4000,"max_size":39999,"adjust_factor":0.650000000000000000},{"ladder":2,"min_size":40000,"max_size":null,"adjust_factor":0.700000000000000000}]},{"lever_rate":185,"ladders":[{"ladder":0,"min_size":0,"max_size":3999,"adjust_factor":0.550000000000000000},{"ladder":1,"min_size":4000,"max_size":39999,"adjust_factor":0.650000000000000000},{"ladder":2,"min_size":40000,"max_size":null,"adjust_factor":0.700000000000000000}]},{"lever_rate":184,"ladders":[{"ladder":0,"min_size":0,"max_size":3999,"adjust_factor":0.550000000000000000},{"ladder":1,"min_size":4000,"max_size":39999,"adjust_factor":0.650000000000000000},{"ladder":2,"min_size":40000,"max_size":null,"adjust_factor":0.700000000000000000}]},{"lever_rate":183,"ladders":[{"ladder":0,"min_size":0,"max_size":3999,"adjust_factor":0.550000000000000000},{"ladder":1,"min_size":4000,"max_size":39999,"adjust_factor":0.650000000000000000},{"ladder":2,"min_size":40000,"max_size":null,"adjust_factor":0.700000000000000000}]},{"lever_rate":182,"ladders":[{"ladder":0,"min_size":0,"max_size":3999,"adjust_factor":0.550000000000000000},{"ladder":1,"min_size":4000,"max_size":39999,"adjust_factor":0.650000000000000000},{"ladder":2,"min_size":40000,"max_size":null,"adjust_factor":0.700000000000000000}]},{"lever_rate":181,"ladders":[{"ladder":0,"min_size":0,"max_size":3999,"adjust_factor":0.550000000000000000},{"ladder":1,"min_size":4000,"max_size":39999,"adjust_factor":0.650000000000000000},{"ladder":2,"min_size":40000,"max_size":null,"adjust_factor":0.700000000000000000}]},{"lever_rate":180,"ladders":[{"ladder":0,"min_size":0,"max_size":3999,"adjust_factor":0.550000000000000000},{"ladder":1,"min_size":4000,"max_size":39999,"adjust_factor":0.650000000000000000},{"ladder":2,"min_size":40000,"max_size":null,"adjust_factor":0.700000000000000000}]},{"lever_rate":179,"ladders":[{"ladder":0,"min_size":0,"max_size":3999,"adjust_factor":0.550000000000000000},{"ladder":1,"min_size":4000,"max_size":39999,"adjust_factor":0.650000000000000000},{"ladder":2,"min_size":40000,"max_size":null,"adjust_factor":0.700000000000000000}]},{"lever_rate":178,"ladders":[{"ladder":0,"min_size":0,"max_size":3999,"adjust_factor":0.550000000000000000},{"ladder":1,"min_size":4000,"max_size":39999,"adjust_factor":0.650000000000000000},{"ladder":2,"min_size":40000,"max_size":null,"adjust_factor":0.700000000000000000}]},{"lever_rate":177,"ladders":[{"ladder":0,"min_size":0,"max_size":3999,"adjust_factor":0.550000000000000000},{"ladder":1,"min_size":4000,"max_size":39999,"adjust_factor":0.650000000000000000},{"ladder":2,"min_size":40000,"max_size":null,"adjust_factor":0.700000000000000000}]},{"lever_rate":176,"ladders":[{"ladder":0,"min_size":0,"max_size":3999,"adjust_factor":0.550000000000000000},{"ladder":1,"min_size":4000,"max_size":39999,"adjust_factor":0.650000000000000000},{"ladder":2,"min_size":40000,"max_size":null,"adjust_factor":0.700000000000000000}]},{"lever_rate":175,"ladders":[{"ladder":0,"min_size":0,"max_size":3999,"adjust_factor":0.550000000000000000},{"ladder":1,"min_size":4000,"max_size":39999,"adjust_factor":0.650000000000000000},{"ladder":2,"min_size":40000,"max_size":null,"adjust_factor":0.700000000000000000}]},{"lever_rate":174,"ladders":[{"ladder":0,"min_size":0,"max_size":3999,"adjust_factor":0.550000000000000000},{"ladder":1,"min_size":4000,"max_size":39999,"adjust_factor":0.650000000000000000},{"ladder":2,"min_size":40000,"max_size":null,"adjust_factor":0.700000000000000000}]},{"lever_rate":173,"ladders":[{"ladder":0,"min_size":0,"max_size":3999,"adjust_factor":0.550000000000000000},{"ladder":1,"min_size":4000,"max_size":39999,"adjust_factor":0.650000000000000000},{"ladder":2,"min_size":40000,"max_size":null,"adjust_factor":0.700000000000000000}]},{"lever_rate":172,"ladders":[{"ladder":0,"min_size":0,"max_size":3999,"adjust_factor":0.550000000000000000},{"ladder":1,"min_size":4000,"max_size":39999,"adjust_factor":0.650000000000000000},{"ladder":2,"min_size":40000,"max_size":null,"adjust_factor":0.700000000000000000}]},{"lever_rate":171,"ladders":[{"ladder":0,"min_size":0,"max_size":3999,"adjust_factor":0.550000000000000000},{"ladder":1,"min_size":4000,"max_size":39999,"adjust_factor":0.650000000000000000},{"ladder":2,"min_size":40000,"max_size":null,"adjust_factor":0.700000000000000000}]},{"lever_rate":170,"ladders":[{"ladder":0,"min_size":0,"max_size":3999,"adjust_factor":0.550000000000000000},{"ladder":1,"min_size":4000,"max_size":39999,"adjust_factor":0.650000000000000000},{"ladder":2,"min_size":40000,"max_size":null,"adjust_factor":0.700000000000000000}]},{"lever_rate":169,"ladders":[{"ladder":0,"min_size":0,"max_size":3999,"adjust_factor":0.550000000000000000},{"ladder":1,"min_size":4000,"max_size":39999,"adjust_factor":0.650000000000000000},{"ladder":2,"min_size":40000,"max_size":null,"adjust_factor":0.700000000000000000}]},{"lever_rate":168,"ladders":[{"ladder":0,"min_size":0,"max_size":3999,"adjust_factor":0.550000000000000000},{"ladder":1,"min_size":4000,"max_size":39999,"adjust_factor":0.650000000000000000},{"ladder":2,"min_size":40000,"max_size":null,"adjust_factor":0.700000000000000000}]},{"lever_rate":167,"ladders":[{"ladder":0,"min_size":0,"max_size":3999,"adjust_factor":0.550000000000000000},{"ladder":1,"min_size":4000,"max_size":39999,"adjust_factor":0.650000000000000000},{"ladder":2,"min_size":40000,"max_size":null,"adjust_factor":0.700000000000000000}]},{"lever_rate":166,"ladders":[{"ladder":0,"min_size":0,"max_size":3999,"adjust_factor":0.550000000000000000},{"ladder":1,"min_size":4000,"max_size":39999,"adjust_factor":0.650000000000000000},{"ladder":2,"min_size":40000,"max_size":null,"adjust_factor":0.700000000000000000}]},{"lever_rate":165,"ladders":[{"ladder":0,"min_size":0,"max_size":3999,"adjust_factor":0.550000000000000000},{"ladder":1,"min_size":4000,"max_size":39999,"adjust_factor":0.650000000000000000},{"ladder":2,"min_size":40000,"max_size":null,"adjust_factor":0.700000000000000000}]},{"lever_rate":164,"ladders":[{"ladder":0,"min_size":0,"max_size":3999,"adjust_factor":0.550000000000000000},{"ladder":1,"min_size":4000,"max_size":39999,"adjust_factor":0.650000000000000000},{"ladder":2,"min_size":40000,"max_size":null,"adjust_factor":0.700000000000000000}]},{"lever_rate":163,"ladders":[{"ladder":0,"min_size":0,"max_size":3999,"adjust_factor":0.550000000000000000},{"ladder":1,"min_size":4000,"max_size":39999,"adjust_factor":0.650000000000000000},{"ladder":2,"min_size":40000,"max_size":null,"adjust_factor":0.700000000000000000}]},{"lever_rate":162,"ladders":[{"ladder":0,"min_size":0,"max_size":3999,"adjust_factor":0.550000000000000000},{"ladder":1,"min_size":4000,"max_size":39999,"adjust_factor":0.650000000000000000},{"ladder":2,"min_size":40000,"max_size":null,"adjust_factor":0.700000000000000000}]},{"lever_rate":161,"ladders":[{"ladder":0,"min_size":0,"max_size":3999,"adjust_factor":0.550000000000000000},{"ladder":1,"min_size":4000,"max_size":39999,"adjust_factor":0.650000000000000000},{"ladder":2,"min_size":40000,"max_size":null,"adjust_factor":0.700000000000000000}]},{"lever_rate":160,"ladders":[{"ladder":0,"min_size":0,"max_size":3999,"adjust_factor":0.550000000000000000},{"ladder":1,"min_size":4000,"max_size":39999,"adjust_factor":0.650000000000000000},{"ladder":2,"min_size":40000,"max_size":null,"adjust_factor":0.700000000000000000}]},{"lever_rate":159,"ladders":[{"ladder":0,"min_size":0,"max_size":3999,"adjust_factor":0.550000000000000000},{"ladder":1,"min_size":4000,"max_size":39999,"adjust_factor":0.650000000000000000},{"ladder":2,"min_size":40000,"max_size":null,"adjust_factor":0.700000000000000000}]},{"lever_rate":158,"ladders":[{"ladder":0,"min_size":0,"max_size":3999,"adjust_factor":0.550000000000000000},{"ladder":1,"min_size":4000,"max_size":39999,"adjust_factor":0.650000000000000000},{"ladder":2,"min_size":40000,"max_size":null,"adjust_factor":0.700000000000000000}]},{"lever_rate":157,"ladders":[{"ladder":0,"min_size":0,"max_size":3999,"adjust_factor":0.550000000000000000},{"ladder":1,"min_size":4000,"max_size":39999,"adjust_factor":0.650000000000000000},{"ladder":2,"min_size":40000,"max_size":null,"adjust_factor":0.700000000000000000}]},{"lever_rate":156,"ladders":[{"ladder":0,"min_size":0,"max_size":3999,"adjust_factor":0.550000000000000000},{"ladder":1,"min_size":4000,"max_size":39999,"adjust_factor":0.650000000000000000},{"ladder":2,"min_size":40000,"max_size":null,"adjust_factor":0.700000000000000000}]},{"lever_rate":155,"ladders":[{"ladder":0,"min_size":0,"max_size":3999,"adjust_factor":0.550000000000000000},{"ladder":1,"min_size":4000,"max_size":39999,"adjust_factor":0.650000000000000000},{"ladder":2,"min_size":40000,"max_size":null,"adjust_factor":0.700000000000000000}]},{"lever_rate":154,"ladders":[{"ladder":0,"min_size":0,"max_size":3999,"adjust_factor":0.550000000000000000},{"ladder":1,"min_size":4000,"max_size":39999,"adjust_factor":0.650000000000000000},{"ladder":2,"min_size":40000,"max_size":null,"adjust_factor":0.700000000000000000}]},{"lever_rate":153,"ladders":[{"ladder":0,"min_size":0,"max_size":3999,"adjust_factor":0.550000000000000000},{"ladder":1,"min_size":4000,"max_size":39999,"adjust_factor":0.650000000000000000},{"ladder":2,"min_size":40000,"max_size":null,"adjust_factor":0.700000000000000000}]},{"lever_rate":152,"ladders":[{"ladder":0,"min_size":0,"max_size":3999,"adjust_factor":0.550000000000000000},{"ladder":1,"min_size":4000,"max_size":39999,"adjust_factor":0.650000000000000000},{"ladder":2,"min_size":40000,"max_size":null,"adjust_factor":0.700000000000000000}]},{"lever_rate":151,"ladders":[{"ladder":0,"min_size":0,"max_size":3999,"adjust_factor":0.550000000000000000},{"ladder":1,"min_size":4000,"max_size":39999,"adjust_factor":0.650000000000000000},{"ladder":2,"min_size":40000,"max_size":null,"adjust_factor":0.700000000000000000}]},{"lever_rate":150,"ladders":[{"ladder":0,"min_size":0,"max_size":3999,"adjust_factor":0.550000000000000000},{"ladder":1,"min_size":4000,"max_size":39999,"adjust_factor":0.650000000000000000},{"ladder":2,"min_size":40000,"max_size":null,"adjust_factor":0.700000000000000000}]},{"lever_rate":149,"ladders":[{"ladder":0,"min_size":0,"max_size":3999,"adjust_factor":0.500000000000000000},{"ladder":1,"min_size":4000,"max_size":39999,"adjust_factor":0.600000000000000000},{"ladder":2,"min_size":40000,"max_size":null,"adjust_factor":0.650000000000000000}]},{"lever_rate":148,"ladders":[{"ladder":0,"min_size":0,"max_size":3999,"adjust_factor":0.500000000000000000},{"ladder":1,"min_size":4000,"max_size":39999,"adjust_factor":0.600000000000000000},{"ladder":2,"min_size":40000,"max_size":null,"adjust_factor":0.650000000000000000}]},{"lever_rate":147,"ladders":[{"ladder":0,"min_size":0,"max_size":3999,"adjust_factor":0.500000000000000000},{"ladder":1,"min_size":4000,"max_size":39999,"adjust_factor":0.600000000000000000},{"ladder":2,"min_size":40000,"max_size":null,"adjust_factor":0.650000000000000000}]},{"lever_rate":146,"ladders":[{"ladder":0,"min_size":0,"max_size":3999,"adjust_factor":0.500000000000000000},{"ladder":1,"min_size":4000,"max_size":39999,"adjust_factor":0.600000000000000000},{"ladder":2,"min_size":40000,"max_size":null,"adjust_factor":0.650000000000000000}]},{"lever_rate":145,"ladders":[{"ladder":0,"min_size":0,"max_size":3999,"adjust_factor":0.500000000000000000},{"ladder":1,"min_size":4000,"max_size":39999,"adjust_factor":0.600000000000000000},{"ladder":2,"min_size":40000,"max_size":null,"adjust_factor":0.650000000000000000}]},{"lever_rate":144,"ladders":[{"ladder":0,"min_size":0,"max_size":3999,"adjust_factor":0.500000000000000000},{"ladder":1,"min_size":4000,"max_size":39999,"adjust_factor":0.600000000000000000},{"ladder":2,"min_size":40000,"max_size":null,"adjust_factor":0.650000000000000000}]},{"lever_rate":143,"ladders":[{"ladder":0,"min_size":0,"max_size":3999,"adjust_factor":0.500000000000000000},{"ladder":1,"min_size":4000,"max_size":39999,"adjust_factor":0.600000000000000000},{"ladder":2,"min_size":40000,"max_size":null,"adjust_factor":0.650000000000000000}]},{"lever_rate":142,"ladders":[{"ladder":0,"min_size":0,"max_size":3999,"adjust_factor":0.500000000000000000},{"ladder":1,"min_size":4000,"max_size":39999,"adjust_factor":0.600000000000000000},{"ladder":2,"min_size":40000,"max_size":null,"adjust_factor":0.650000000000000000}]},{"lever_rate":141,"ladders":[{"ladder":0,"min_size":0,"max_size":3999,"adjust_factor":0.500000000000000000},{"ladder":1,"min_size":4000,"max_size":39999,"adjust_factor":0.600000000000000000},{"ladder":2,"min_size":40000,"max_size":null,"adjust_factor":0.650000000000000000}]},{"lever_rate":140,"ladders":[{"ladder":0,"min_size":0,"max_size":3999,"adjust_factor":0.500000000000000000},{"ladder":1,"min_size":4000,"max_size":39999,"adjust_factor":0.600000000000000000},{"ladder":2,"min_size":40000,"max_size":null,"adjust_factor":0.650000000000000000}]},{"lever_rate":139,"ladders":[{"ladder":0,"min_size":0,"max_size":3999,"adjust_factor":0.500000000000000000},{"ladder":1,"min_size":4000,"max_size":39999,"adjust_factor":0.600000000000000000},{"ladder":2,"min_size":40000,"max_size":null,"adjust_factor":0.650000000000000000}]},{"lever_rate":138,"ladders":[{"ladder":0,"min_size":0,"max_size":3999,"adjust_factor":0.500000000000000000},{"ladder":1,"min_size":4000,"max_size":39999,"adjust_factor":0.600000000000000000},{"ladder":2,"min_size":40000,"max_size":null,"adjust_factor":0.650000000000000000}]},{"lever_rate":137,"ladders":[{"ladder":0,"min_size":0,"max_size":3999,"adjust_factor":0.500000000000000000},{"ladder":1,"min_size":4000,"max_size":39999,"adjust_factor":0.600000000000000000},{"ladder":2,"min_size":40000,"max_size":null,"adjust_factor":0.650000000000000000}]},{"lever_rate":136,"ladders":[{"ladder":0,"min_size":0,"max_size":3999,"adjust_factor":0.500000000000000000},{"ladder":1,"min_size":4000,"max_size":39999,"adjust_factor":0.600000000000000000},{"ladder":2,"min_size":40000,"max_size":null,"adjust_factor":0.650000000000000000}]},{"lever_rate":135,"ladders":[{"ladder":0,"min_size":0,"max_size":3999,"adjust_factor":0.500000000000000000},{"ladder":1,"min_size":4000,"max_size":39999,"adjust_factor":0.600000000000000000},{"ladder":2,"min_size":40000,"max_size":null,"adjust_factor":0.650000000000000000}]},{"lever_rate":134,"ladders":[{"ladder":0,"min_size":0,"max_size":3999,"adjust_factor":0.500000000000000000},{"ladder":1,"min_size":4000,"max_size":39999,"adjust_factor":0.600000000000000000},{"ladder":2,"min_size":40000,"max_size":null,"adjust_factor":0.650000000000000000}]},{"lever_rate":133,"ladders":[{"ladder":0,"min_size":0,"max_size":3999,"adjust_factor":0.500000000000000000},{"ladder":1,"min_size":4000,"max_size":39999,"adjust_factor":0.600000000000000000},{"ladder":2,"min_size":40000,"max_size":null,"adjust_factor":0.650000000000000000}]},{"lever_rate":132,"ladders":[{"ladder":0,"min_size":0,"max_size":3999,"adjust_factor":0.500000000000000000},{"ladder":1,"min_size":4000,"max_size":39999,"adjust_factor":0.600000000000000000},{"ladder":2,"min_size":40000,"max_size":null,"adjust_factor":0.650000000000000000}]},{"lever_rate":131,"ladders":[{"ladder":0,"min_size":0,"max_size":3999,"adjust_factor":0.500000000000000000},{"ladder":1,"min_size":4000,"max_size":39999,"adjust_factor":0.600000000000000000},{"ladder":2,"min_size":40000,"max_size":null,"adjust_factor":0.650000000000000000}]},{"lever_rate":130,"ladders":[{"ladder":0,"min_size":0,"max_size":3999,"adjust_factor":0.500000000000000000},{"ladder":1,"min_size":4000,"max_size":39999,"adjust_factor":0.600000000000000000},{"ladder":2,"min_size":40000,"max_size":null,"adjust_factor":0.650000000000000000}]},{"lever_rate":129,"ladders":[{"ladder":0,"min_size":0,"max_size":3999,"adjust_factor":0.500000000000000000},{"ladder":1,"min_size":4000,"max_size":39999,"adjust_factor":0.600000000000000000},{"ladder":2,"min_size":40000,"max_size":null,"adjust_factor":0.650000000000000000}]},{"lever_rate":128,"ladders":[{"ladder":0,"min_size":0,"max_size":3999,"adjust_factor":0.500000000000000000},{"ladder":1,"min_size":4000,"max_size":39999,"adjust_factor":0.600000000000000000},{"ladder":2,"min_size":40000,"max_size":null,"adjust_factor":0.650000000000000000}]},{"lever_rate":127,"ladders":[{"ladder":0,"min_size":0,"max_size":3999,"adjust_factor":0.500000000000000000},{"ladder":1,"min_size":4000,"max_size":39999,"adjust_factor":0.600000000000000000},{"ladder":2,"min_size":40000,"max_size":null,"adjust_factor":0.650000000000000000}]},{"lever_rate":126,"ladders":[{"ladder":0,"min_size":0,"max_size":3999,"adjust_factor":0.500000000000000000},{"ladder":1,"min_size":4000,"max_size":39999,"adjust_factor":0.600000000000000000},{"ladder":2,"min_size":40000,"max_size":null,"adjust_factor":0.650000000000000000}]},{"lever_rate":125,"ladders":[{"ladder":0,"min_size":0,"max_size":3999,"adjust_factor":0.500000000000000000},{"ladder":1,"min_size":4000,"max_size":39999,"adjust_factor":0.600000000000000000},{"ladder":2,"min_size":40000,"max_size":null,"adjust_factor":0.650000000000000000}]},{"lever_rate":124,"ladders":[{"ladder":0,"min_size":0,"max_size":3999,"adjust_factor":0.400000000000000000},{"ladder":1,"min_size":4000,"max_size":39999,"adjust_factor":0.500000000000000000},{"ladder":2,"min_size":40000,"max_size":null,"adjust_factor":0.600000000000000000}]},{"lever_rate":123,"ladders":[{"ladder":0,"min_size":0,"max_size":3999,"adjust_factor":0.400000000000000000},{"ladder":1,"min_size":4000,"max_size":39999,"adjust_factor":0.500000000000000000},{"ladder":2,"min_size":40000,"max_size":null,"adjust_factor":0.600000000000000000}]},{"lever_rate":122,"ladders":[{"ladder":0,"min_size":0,"max_size":3999,"adjust_factor":0.400000000000000000},{"ladder":1,"min_size":4000,"max_size":39999,"adjust_factor":0.500000000000000000},{"ladder":2,"min_size":40000,"max_size":null,"adjust_factor":0.600000000000000000}]},{"lever_rate":121,"ladders":[{"ladder":0,"min_size":0,"max_size":3999,"adjust_factor":0.400000000000000000},{"ladder":1,"min_size":4000,"max_size":39999,"adjust_factor":0.500000000000000000},{"ladder":2,"min_size":40000,"max_size":null,"adjust_factor":0.600000000000000000}]},{"lever_rate":120,"ladders":[{"ladder":0,"min_size":0,"max_size":3999,"adjust_factor":0.400000000000000000},{"ladder":1,"min_size":4000,"max_size":39999,"adjust_factor":0.500000000000000000},{"ladder":2,"min_size":40000,"max_size":null,"adjust_factor":0.600000000000000000}]},{"lever_rate":119,"ladders":[{"ladder":0,"min_size":0,"max_size":3999,"adjust_factor":0.400000000000000000},{"ladder":1,"min_size":4000,"max_size":39999,"adjust_factor":0.500000000000000000},{"ladder":2,"min_size":40000,"max_size":null,"adjust_factor":0.600000000000000000}]},{"lever_rate":118,"ladders":[{"ladder":0,"min_size":0,"max_size":3999,"adjust_factor":0.400000000000000000},{"ladder":1,"min_size":4000,"max_size":39999,"adjust_factor":0.500000000000000000},{"ladder":2,"min_size":40000,"max_size":null,"adjust_factor":0.600000000000000000}]},{"lever_rate":117,"ladders":[{"ladder":0,"min_size":0,"max_size":3999,"adjust_factor":0.400000000000000000},{"ladder":1,"min_size":4000,"max_size":39999,"adjust_factor":0.500000000000000000},{"ladder":2,"min_size":40000,"max_size":null,"adjust_factor":0.600000000000000000}]},{"lever_rate":116,"ladders":[{"ladder":0,"min_size":0,"max_size":3999,"adjust_factor":0.400000000000000000},{"ladder":1,"min_size":4000,"max_size":39999,"adjust_factor":0.500000000000000000},{"ladder":2,"min_size":40000,"max_size":null,"adjust_factor":0.600000000000000000}]},{"lever_rate":115,"ladders":[{"ladder":0,"min_size":0,"max_size":3999,"adjust_factor":0.400000000000000000},{"ladder":1,"min_size":4000,"max_size":39999,"adjust_factor":0.500000000000000000},{"ladder":2,"min_size":40000,"max_size":null,"adjust_factor":0.600000000000000000}]},{"lever_rate":114,"ladders":[{"ladder":0,"min_size":0,"max_size":3999,"adjust_factor":0.400000000000000000},{"ladder":1,"min_size":4000,"max_size":39999,"adjust_factor":0.500000000000000000},{"ladder":2,"min_size":40000,"max_size":null,"adjust_factor":0.600000000000000000}]},{"lever_rate":113,"ladders":[{"ladder":0,"min_size":0,"max_size":3999,"adjust_factor":0.400000000000000000},{"ladder":1,"min_size":4000,"max_size":39999,"adjust_factor":0.500000000000000000},{"ladder":2,"min_size":40000,"max_size":null,"adjust_factor":0.600000000000000000}]},{"lever_rate":112,"ladders":[{"ladder":0,"min_size":0,"max_size":3999,"adjust_factor":0.400000000000000000},{"ladder":1,"min_size":4000,"max_size":39999,"adjust_factor":0.500000000000000000},{"ladder":2,"min_size":40000,"max_size":null,"adjust_factor":0.600000000000000000}]},{"lever_rate":111,"ladders":[{"ladder":0,"min_size":0,"max_size":3999,"adjust_factor":0.400000000000000000},{"ladder":1,"min_size":4000,"max_size":39999,"adjust_factor":0.500000000000000000},{"ladder":2,"min_size":40000,"max_size":null,"adjust_factor":0.600000000000000000}]},{"lever_rate":110,"ladders":[{"ladder":0,"min_size":0,"max_size":3999,"adjust_factor":0.400000000000000000},{"ladder":1,"min_size":4000,"max_size":39999,"adjust_factor":0.500000000000000000},{"ladder":2,"min_size":40000,"max_size":null,"adjust_factor":0.600000000000000000}]},{"lever_rate":109,"ladders":[{"ladder":0,"min_size":0,"max_size":3999,"adjust_factor":0.400000000000000000},{"ladder":1,"min_size":4000,"max_size":39999,"adjust_factor":0.500000000000000000},{"ladder":2,"min_size":40000,"max_size":null,"adjust_factor":0.600000000000000000}]},{"lever_rate":108,"ladders":[{"ladder":0,"min_size":0,"max_size":3999,"adjust_factor":0.400000000000000000},{"ladder":1,"min_size":4000,"max_size":39999,"adjust_factor":0.500000000000000000},{"ladder":2,"min_size":40000,"max_size":null,"adjust_factor":0.600000000000000000}]},{"lever_rate":107,"ladders":[{"ladder":0,"min_size":0,"max_size":3999,"adjust_factor":0.400000000000000000},{"ladder":1,"min_size":4000,"max_size":39999,"adjust_factor":0.500000000000000000},{"ladder":2,"min_size":40000,"max_size":null,"adjust_factor":0.600000000000000000}]},{"lever_rate":106,"ladders":[{"ladder":0,"min_size":0,"max_size":3999,"adjust_factor":0.400000000000000000},{"ladder":1,"min_size":4000,"max_size":39999,"adjust_factor":0.500000000000000000},{"ladder":2,"min_size":40000,"max_size":null,"adjust_factor":0.600000000000000000}]},{"lever_rate":105,"ladders":[{"ladder":0,"min_size":0,"max_size":3999,"adjust_factor":0.400000000000000000},{"ladder":1,"min_size":4000,"max_size":39999,"adjust_factor":0.500000000000000000},{"ladder":2,"min_size":40000,"max_size":null,"adjust_factor":0.600000000000000000}]},{"lever_rate":104,"ladders":[{"ladder":0,"min_size":0,"max_size":3999,"adjust_factor":0.400000000000000000},{"ladder":1,"min_size":4000,"max_size":39999,"adjust_factor":0.500000000000000000},{"ladder":2,"min_size":40000,"max_size":null,"adjust_factor":0.600000000000000000}]},{"lever_rate":103,"ladders":[{"ladder":0,"min_size":0,"max_size":3999,"adjust_factor":0.400000000000000000},{"ladder":1,"min_size":4000,"max_size":39999,"adjust_factor":0.500000000000000000},{"ladder":2,"min_size":40000,"max_size":null,"adjust_factor":0.600000000000000000}]},{"lever_rate":102,"ladders":[{"ladder":0,"min_size":0,"max_size":3999,"adjust_factor":0.400000000000000000},{"ladder":1,"min_size":4000,"max_size":39999,"adjust_factor":0.500000000000000000},{"ladder":2,"min_size":40000,"max_size":null,"adjust_factor":0.600000000000000000}]},{"lever_rate":101,"ladders":[{"ladder":0,"min_size":0,"max_size":3999,"adjust_factor":0.400000000000000000},{"ladder":1,"min_size":4000,"max_size":39999,"adjust_factor":0.500000000000000000},{"ladder":2,"min_size":40000,"max_size":null,"adjust_factor":0.600000000000000000}]},{"lever_rate":100,"ladders":[{"ladder":0,"min_size":0,"max_size":3999,"adjust_factor":0.400000000000000000},{"ladder":1,"min_size":4000,"max_size":39999,"adjust_factor":0.500000000000000000},{"ladder":2,"min_size":40000,"max_size":null,"adjust_factor":0.600000000000000000}]},{"lever_rate":99,"ladders":[{"ladder":0,"min_size":0,"max_size":3999,"adjust_factor":0.300000000000000000},{"ladder":1,"min_size":4000,"max_size":39999,"adjust_factor":0.400000000000000000},{"ladder":2,"min_size":40000,"max_size":null,"adjust_factor":0.550000000000000000}]},{"lever_rate":98,"ladders":[{"ladder":0,"min_size":0,"max_size":3999,"adjust_factor":0.300000000000000000},{"ladder":1,"min_size":4000,"max_size":39999,"adjust_factor":0.400000000000000000},{"ladder":2,"min_size":40000,"max_size":null,"adjust_factor":0.550000000000000000}]},{"lever_rate":97,"ladders":[{"ladder":0,"min_size":0,"max_size":3999,"adjust_factor":0.300000000000000000},{"ladder":1,"min_size":4000,"max_size":39999,"adjust_factor":0.400000000000000000},{"ladder":2,"min_size":40000,"max_size":null,"adjust_factor":0.550000000000000000}]},{"lever_rate":96,"ladders":[{"ladder":0,"min_size":0,"max_size":3999,"adjust_factor":0.300000000000000000},{"ladder":1,"min_size":4000,"max_size":39999,"adjust_factor":0.400000000000000000},{"ladder":2,"min_size":40000,"max_size":null,"adjust_factor":0.550000000000000000}]},{"lever_rate":95,"ladders":[{"ladder":0,"min_size":0,"max_size":3999,"adjust_factor":0.300000000000000000},{"ladder":1,"min_size":4000,"max_size":39999,"adjust_factor":0.400000000000000000},{"ladder":2,"min_size":40000,"max_size":null,"adjust_factor":0.550000000000000000}]},{"lever_rate":94,"ladders":[{"ladder":0,"min_size":0,"max_size":3999,"adjust_factor":0.300000000000000000},{"ladder":1,"min_size":4000,"max_size":39999,"adjust_factor":0.400000000000000000},{"ladder":2,"min_size":40000,"max_size":null,"adjust_factor":0.550000000000000000}]},{"lever_rate":93,"ladders":[{"ladder":0,"min_size":0,"max_size":3999,"adjust_factor":0.300000000000000000},{"ladder":1,"min_size":4000,"max_size":39999,"adjust_factor":0.400000000000000000},{"ladder":2,"min_size":40000,"max_size":null,"adjust_factor":0.550000000000000000}]},{"lever_rate":92,"ladders":[{"ladder":0,"min_size":0,"max_size":3999,"adjust_factor":0.300000000000000000},{"ladder":1,"min_size":4000,"max_size":39999,"adjust_factor":0.400000000000000000},{"ladder":2,"min_size":40000,"max_size":null,"adjust_factor":0.550000000000000000}]},{"lever_rate":91,"ladders":[{"ladder":0,"min_size":0,"max_size":3999,"adjust_factor":0.300000000000000000},{"ladder":1,"min_size":4000,"max_size":39999,"adjust_factor":0.400000000000000000},{"ladder":2,"min_size":40000,"max_size":null,"adjust_factor":0.550000000000000000}]},{"lever_rate":90,"ladders":[{"ladder":0,"min_size":0,"max_size":3999,"adjust_factor":0.300000000000000000},{"ladder":1,"min_size":4000,"max_size":39999,"adjust_factor":0.400000000000000000},{"ladder":2,"min_size":40000,"max_size":null,"adjust_factor":0.550000000000000000}]},{"lever_rate":89,"ladders":[{"ladder":0,"min_size":0,"max_size":3999,"adjust_factor":0.300000000000000000},{"ladder":1,"min_size":4000,"max_size":39999,"adjust_factor":0.400000000000000000},{"ladder":2,"min_size":40000,"max_size":null,"adjust_factor":0.550000000000000000}]},{"lever_rate":88,"ladders":[{"ladder":0,"min_size":0,"max_size":3999,"adjust_factor":0.300000000000000000},{"ladder":1,"min_size":4000,"max_size":39999,"adjust_factor":0.400000000000000000},{"ladder":2,"min_size":40000,"max_size":null,"adjust_factor":0.550000000000000000}]},{"lever_rate":87,"ladders":[{"ladder":0,"min_size":0,"max_size":3999,"adjust_factor":0.300000000000000000},{"ladder":1,"min_size":4000,"max_size":39999,"adjust_factor":0.400000000000000000},{"ladder":2,"min_size":40000,"max_size":null,"adjust_factor":0.550000000000000000}]},{"lever_rate":86,"ladders":[{"ladder":0,"min_size":0,"max_size":3999,"adjust_factor":0.300000000000000000},{"ladder":1,"min_size":4000,"max_size":39999,"adjust_factor":0.400000000000000000},{"ladder":2,"min_size":40000,"max_size":null,"adjust_factor":0.550000000000000000}]},{"lever_rate":85,"ladders":[{"ladder":0,"min_size":0,"max_size":3999,"adjust_factor":0.300000000000000000},{"ladder":1,"min_size":4000,"max_size":39999,"adjust_factor":0.400000000000000000},{"ladder":2,"min_size":40000,"max_size":null,"adjust_factor":0.550000000000000000}]},{"lever_rate":84,"ladders":[{"ladder":0,"min_size":0,"max_size":3999,"adjust_factor":0.300000000000000000},{"ladder":1,"min_size":4000,"max_size":39999,"adjust_factor":0.400000000000000000},{"ladder":2,"min_size":40000,"max_size":null,"adjust_factor":0.550000000000000000}]},{"lever_rate":83,"ladders":[{"ladder":0,"min_size":0,"max_size":3999,"adjust_factor":0.300000000000000000},{"ladder":1,"min_size":4000,"max_size":39999,"adjust_factor":0.400000000000000000},{"ladder":2,"min_size":40000,"max_size":null,"adjust_factor":0.550000000000000000}]},{"lever_rate":82,"ladders":[{"ladder":0,"min_size":0,"max_size":3999,"adjust_factor":0.300000000000000000},{"ladder":1,"min_size":4000,"max_size":39999,"adjust_factor":0.400000000000000000},{"ladder":2,"min_size":40000,"max_size":null,"adjust_factor":0.550000000000000000}]},{"lever_rate":81,"ladders":[{"ladder":0,"min_size":0,"max_size":3999,"adjust_factor":0.300000000000000000},{"ladder":1,"min_size":4000,"max_size":39999,"adjust_factor":0.400000000000000000},{"ladder":2,"min_size":40000,"max_size":null,"adjust_factor":0.550000000000000000}]},{"lever_rate":80,"ladders":[{"ladder":0,"min_size":0,"max_size":3999,"adjust_factor":0.300000000000000000},{"ladder":1,"min_size":4000,"max_size":39999,"adjust_factor":0.400000000000000000},{"ladder":2,"min_size":40000,"max_size":null,"adjust_factor":0.550000000000000000}]},{"lever_rate":79,"ladders":[{"ladder":0,"min_size":0,"max_size":3999,"adjust_factor":0.300000000000000000},{"ladder":1,"min_size":4000,"max_size":39999,"adjust_factor":0.400000000000000000},{"ladder":2,"min_size":40000,"max_size":null,"adjust_factor":0.550000000000000000}]},{"lever_rate":78,"ladders":[{"ladder":0,"min_size":0,"max_size":3999,"adjust_factor":0.300000000000000000},{"ladder":1,"min_size":4000,"max_size":39999,"adjust_factor":0.400000000000000000},{"ladder":2,"min_size":40000,"max_size":null,"adjust_factor":0.550000000000000000}]},{"lever_rate":77,"ladders":[{"ladder":0,"min_size":0,"max_size":3999,"adjust_factor":0.300000000000000000},{"ladder":1,"min_size":4000,"max_size":39999,"adjust_factor":0.400000000000000000},{"ladder":2,"min_size":40000,"max_size":null,"adjust_factor":0.550000000000000000}]},{"lever_rate":76,"ladders":[{"ladder":0,"min_size":0,"max_size":3999,"adjust_factor":0.300000000000000000},{"ladder":1,"min_size":4000,"max_size":39999,"adjust_factor":0.400000000000000000},{"ladder":2,"min_size":40000,"max_size":null,"adjust_factor":0.550000000000000000}]},{"lever_rate":75,"ladders":[{"ladder":0,"min_size":0,"max_size":3999,"adjust_factor":0.300000000000000000},{"ladder":1,"min_size":4000,"max_size":39999,"adjust_factor":0.400000000000000000},{"ladder":2,"min_size":40000,"max_size":null,"adjust_factor":0.550000000000000000}]},{"lever_rate":74,"ladders":[{"ladder":0,"min_size":0,"max_size":3999,"adjust_factor":0.200000000000000000},{"ladder":1,"min_size":4000,"max_size":39999,"adjust_factor":0.350000000000000000},{"ladder":2,"min_size":40000,"max_size":null,"adjust_factor":0.500000000000000000}]},{"lever_rate":73,"ladders":[{"ladder":0,"min_size":0,"max_size":3999,"adjust_factor":0.200000000000000000},{"ladder":1,"min_size":4000,"max_size":39999,"adjust_factor":0.350000000000000000},{"ladder":2,"min_size":40000,"max_size":null,"adjust_factor":0.500000000000000000}]},{"lever_rate":72,"ladders":[{"ladder":0,"min_size":0,"max_size":3999,"adjust_factor":0.200000000000000000},{"ladder":1,"min_size":4000,"max_size":39999,"adjust_factor":0.350000000000000000},{"ladder":2,"min_size":40000,"max_size":null,"adjust_factor":0.500000000000000000}]},{"lever_rate":71,"ladders":[{"ladder":0,"min_size":0,"max_size":3999,"adjust_factor":0.200000000000000000},{"ladder":1,"min_size":4000,"max_size":39999,"adjust_factor":0.350000000000000000},{"ladder":2,"min_size":40000,"max_size":null,"adjust_factor":0.500000000000000000}]},{"lever_rate":70,"ladders":[{"ladder":0,"min_size":0,"max_size":3999,"adjust_factor":0.200000000000000000},{"ladder":1,"min_size":4000,"max_size":39999,"adjust_factor":0.350000000000000000},{"ladder":2,"min_size":40000,"max_size":null,"adjust_factor":0.500000000000000000}]},{"lever_rate":69,"ladders":[{"ladder":0,"min_size":0,"max_size":3999,"adjust_factor":0.200000000000000000},{"ladder":1,"min_size":4000,"max_size":39999,"adjust_factor":0.350000000000000000},{"ladder":2,"min_size":40000,"max_size":null,"adjust_factor":0.500000000000000000}]},{"lever_rate":68,"ladders":[{"ladder":0,"min_size":0,"max_size":3999,"adjust_factor":0.200000000000000000},{"ladder":1,"min_size":4000,"max_size":39999,"adjust_factor":0.350000000000000000},{"ladder":2,"min_size":40000,"max_size":null,"adjust_factor":0.500000000000000000}]},{"lever_rate":67,"ladders":[{"ladder":0,"min_size":0,"max_size":3999,"adjust_factor":0.200000000000000000},{"ladder":1,"min_size":4000,"max_size":39999,"adjust_factor":0.350000000000000000},{"ladder":2,"min_size":40000,"max_size":null,"adjust_factor":0.500000000000000000}]},{"lever_rate":66,"ladders":[{"ladder":0,"min_size":0,"max_size":3999,"adjust_factor":0.200000000000000000},{"ladder":1,"min_size":4000,"max_size":39999,"adjust_factor":0.350000000000000000},{"ladder":2,"min_size":40000,"max_size":null,"adjust_factor":0.500000000000000000}]},{"lever_rate":65,"ladders":[{"ladder":0,"min_size":0,"max_size":3999,"adjust_factor":0.200000000000000000},{"ladder":1,"min_size":4000,"max_size":39999,"adjust_factor":0.350000000000000000},{"ladder":2,"min_size":40000,"max_size":null,"adjust_factor":0.500000000000000000}]},{"lever_rate":64,"ladders":[{"ladder":0,"min_size":0,"max_size":3999,"adjust_factor":0.200000000000000000},{"ladder":1,"min_size":4000,"max_size":39999,"adjust_factor":0.350000000000000000},{"ladder":2,"min_size":40000,"max_size":null,"adjust_factor":0.500000000000000000}]},{"lever_rate":63,"ladders":[{"ladder":0,"min_size":0,"max_size":3999,"adjust_factor":0.200000000000000000},{"ladder":1,"min_size":4000,"max_size":39999,"adjust_factor":0.350000000000000000},{"ladder":2,"min_size":40000,"max_size":null,"adjust_factor":0.500000000000000000}]},{"lever_rate":62,"ladders":[{"ladder":0,"min_size":0,"max_size":3999,"adjust_factor":0.200000000000000000},{"ladder":1,"min_size":4000,"max_size":39999,"adjust_factor":0.350000000000000000},{"ladder":2,"min_size":40000,"max_size":null,"adjust_factor":0.500000000000000000}]},{"lever_rate":61,"ladders":[{"ladder":0,"min_size":0,"max_size":3999,"adjust_factor":0.200000000000000000},{"ladder":1,"min_size":4000,"max_size":39999,"adjust_factor":0.350000000000000000},{"ladder":2,"min_size":40000,"max_size":null,"adjust_factor":0.500000000000000000}]},{"lever_rate":60,"ladders":[{"ladder":0,"min_size":0,"max_size":3999,"adjust_factor":0.200000000000000000},{"ladder":1,"min_size":4000,"max_size":39999,"adjust_factor":0.350000000000000000},{"ladder":2,"min_size":40000,"max_size":null,"adjust_factor":0.500000000000000000}]},{"lever_rate":59,"ladders":[{"ladder":0,"min_size":0,"max_size":3999,"adjust_factor":0.200000000000000000},{"ladder":1,"min_size":4000,"max_size":39999,"adjust_factor":0.350000000000000000},{"ladder":2,"min_size":40000,"max_size":null,"adjust_factor":0.500000000000000000}]},{"lever_rate":58,"ladders":[{"ladder":0,"min_size":0,"max_size":3999,"adjust_factor":0.200000000000000000},{"ladder":1,"min_size":4000,"max_size":39999,"adjust_factor":0.350000000000000000},{"ladder":2,"min_size":40000,"max_size":null,"adjust_factor":0.500000000000000000}]},{"lever_rate":57,"ladders":[{"ladder":0,"min_size":0,"max_size":3999,"adjust_factor":0.200000000000000000},{"ladder":1,"min_size":4000,"max_size":39999,"adjust_factor":0.350000000000000000},{"ladder":2,"min_size":40000,"max_size":null,"adjust_factor":0.500000000000000000}]},{"lever_rate":56,"ladders":[{"ladder":0,"min_size":0,"max_size":3999,"adjust_factor":0.200000000000000000},{"ladder":1,"min_size":4000,"max_size":39999,"adjust_factor":0.350000000000000000},{"ladder":2,"min_size":40000,"max_size":null,"adjust_factor":0.500000000000000000}]},{"lever_rate":55,"ladders":[{"ladder":0,"min_size":0,"max_size":3999,"adjust_factor":0.200000000000000000},{"ladder":1,"min_size":4000,"max_size":39999,"adjust_factor":0.350000000000000000},{"ladder":2,"min_size":40000,"max_size":null,"adjust_factor":0.500000000000000000}]},{"lever_rate":54,"ladders":[{"ladder":0,"min_size":0,"max_size":3999,"adjust_factor":0.200000000000000000},{"ladder":1,"min_size":4000,"max_size":39999,"adjust_factor":0.350000000000000000},{"ladder":2,"min_size":40000,"max_size":null,"adjust_factor":0.500000000000000000}]},{"lever_rate":53,"ladders":[{"ladder":0,"min_size":0,"max_size":3999,"adjust_factor":0.200000000000000000},{"ladder":1,"min_size":4000,"max_size":39999,"adjust_factor":0.350000000000000000},{"ladder":2,"min_size":40000,"max_size":null,"adjust_factor":0.500000000000000000}]},{"lever_rate":52,"ladders":[{"ladder":0,"min_size":0,"max_size":3999,"adjust_factor":0.200000000000000000},{"ladder":1,"min_size":4000,"max_size":39999,"adjust_factor":0.350000000000000000},{"ladder":2,"min_size":40000,"max_size":null,"adjust_factor":0.500000000000000000}]},{"lever_rate":51,"ladders":[{"ladder":0,"min_size":0,"max_size":3999,"adjust_factor":0.200000000000000000},{"ladder":1,"min_size":4000,"max_size":39999,"adjust_factor":0.350000000000000000},{"ladder":2,"min_size":40000,"max_size":null,"adjust_factor":0.500000000000000000}]},{"lever_rate":50,"ladders":[{"ladder":0,"min_size":0,"max_size":3999,"adjust_factor":0.200000000000000000},{"ladder":1,"min_size":4000,"max_size":39999,"adjust_factor":0.350000000000000000},{"ladder":2,"min_size":40000,"max_size":null,"adjust_factor":0.500000000000000000}]},{"lever_rate":49,"ladders":[{"ladder":0,"min_size":0,"max_size":3999,"adjust_factor":0.120000000000000000},{"ladder":1,"min_size":4000,"max_size":39999,"adjust_factor":0.200000000000000000},{"ladder":2,"min_size":40000,"max_size":79999,"adjust_factor":0.300000000000000000},{"ladder":3,"min_size":80000,"max_size":null,"adjust_factor":0.400000000000000000}]},{"lever_rate":48,"ladders":[{"ladder":0,"min_size":0,"max_size":3999,"adjust_factor":0.120000000000000000},{"ladder":1,"min_size":4000,"max_size":39999,"adjust_factor":0.200000000000000000},{"ladder":2,"min_size":40000,"max_size":79999,"adjust_factor":0.300000000000000000},{"ladder":3,"min_size":80000,"max_size":null,"adjust_factor":0.400000000000000000}]},{"lever_rate":47,"ladders":[{"ladder":0,"min_size":0,"max_size":3999,"adjust_factor":0.120000000000000000},{"ladder":1,"min_size":4000,"max_size":39999,"adjust_factor":0.200000000000000000},{"ladder":2,"min_size":40000,"max_size":79999,"adjust_factor":0.300000000000000000},{"ladder":3,"min_size":80000,"max_size":null,"adjust_factor":0.400000000000000000}]},{"lever_rate":46,"ladders":[{"ladder":0,"min_size":0,"max_size":3999,"adjust_factor":0.120000000000000000},{"ladder":1,"min_size":4000,"max_size":39999,"adjust_factor":0.200000000000000000},{"ladder":2,"min_size":40000,"max_size":79999,"adjust_factor":0.300000000000000000},{"ladder":3,"min_size":80000,"max_size":null,"adjust_factor":0.400000000000000000}]},{"lever_rate":45,"ladders":[{"ladder":0,"min_size":0,"max_size":3999,"adjust_factor":0.120000000000000000},{"ladder":1,"min_size":4000,"max_size":39999,"adjust_factor":0.200000000000000000},{"ladder":2,"min_size":40000,"max_size":79999,"adjust_factor":0.300000000000000000},{"ladder":3,"min_size":80000,"max_size":null,"adjust_factor":0.400000000000000000}]},{"lever_rate":44,"ladders":[{"ladder":0,"min_size":0,"max_size":3999,"adjust_factor":0.120000000000000000},{"ladder":1,"min_size":4000,"max_size":39999,"adjust_factor":0.200000000000000000},{"ladder":2,"min_size":40000,"max_size":79999,"adjust_factor":0.300000000000000000},{"ladder":3,"min_size":80000,"max_size":null,"adjust_factor":0.400000000000000000}]},{"lever_rate":43,"ladders":[{"ladder":0,"min_size":0,"max_size":3999,"adjust_factor":0.120000000000000000},{"ladder":1,"min_size":4000,"max_size":39999,"adjust_factor":0.200000000000000000},{"ladder":2,"min_size":40000,"max_size":79999,"adjust_factor":0.300000000000000000},{"ladder":3,"min_size":80000,"max_size":null,"adjust_factor":0.400000000000000000}]},{"lever_rate":42,"ladders":[{"ladder":0,"min_size":0,"max_size":3999,"adjust_factor":0.120000000000000000},{"ladder":1,"min_size":4000,"max_size":39999,"adjust_factor":0.200000000000000000},{"ladder":2,"min_size":40000,"max_size":79999,"adjust_factor":0.300000000000000000},{"ladder":3,"min_size":80000,"max_size":null,"adjust_factor":0.400000000000000000}]},{"lever_rate":41,"ladders":[{"ladder":0,"min_size":0,"max_size":3999,"adjust_factor":0.120000000000000000},{"ladder":1,"min_size":4000,"max_size":39999,"adjust_factor":0.200000000000000000},{"ladder":2,"min_size":40000,"max_size":79999,"adjust_factor":0.300000000000000000},{"ladder":3,"min_size":80000,"max_size":null,"adjust_factor":0.400000000000000000}]},{"lever_rate":40,"ladders":[{"ladder":0,"min_size":0,"max_size":3999,"adjust_factor":0.120000000000000000},{"ladder":1,"min_size":4000,"max_size":39999,"adjust_factor":0.200000000000000000},{"ladder":2,"min_size":40000,"max_size":79999,"adjust_factor":0.300000000000000000},{"ladder":3,"min_size":80000,"max_size":null,"adjust_factor":0.400000000000000000}]},{"lever_rate":39,"ladders":[{"ladder":0,"min_size":0,"max_size":3999,"adjust_factor":0.120000000000000000},{"ladder":1,"min_size":4000,"max_size":39999,"adjust_factor":0.200000000000000000},{"ladder":2,"min_size":40000,"max_size":79999,"adjust_factor":0.300000000000000000},{"ladder":3,"min_size":80000,"max_size":null,"adjust_factor":0.400000000000000000}]},{"lever_rate":38,"ladders":[{"ladder":0,"min_size":0,"max_size":3999,"adjust_factor":0.120000000000000000},{"ladder":1,"min_size":4000,"max_size":39999,"adjust_factor":0.200000000000000000},{"ladder":2,"min_size":40000,"max_size":79999,"adjust_factor":0.300000000000000000},{"ladder":3,"min_size":80000,"max_size":null,"adjust_factor":0.400000000000000000}]},{"lever_rate":37,"ladders":[{"ladder":0,"min_size":0,"max_size":3999,"adjust_factor":0.120000000000000000},{"ladder":1,"min_size":4000,"max_size":39999,"adjust_factor":0.200000000000000000},{"ladder":2,"min_size":40000,"max_size":79999,"adjust_factor":0.300000000000000000},{"ladder":3,"min_size":80000,"max_size":null,"adjust_factor":0.400000000000000000}]},{"lever_rate":36,"ladders":[{"ladder":0,"min_size":0,"max_size":3999,"adjust_factor":0.120000000000000000},{"ladder":1,"min_size":4000,"max_size":39999,"adjust_factor":0.200000000000000000},{"ladder":2,"min_size":40000,"max_size":79999,"adjust_factor":0.300000000000000000},{"ladder":3,"min_size":80000,"max_size":null,"adjust_factor":0.400000000000000000}]},{"lever_rate":35,"ladders":[{"ladder":0,"min_size":0,"max_size":3999,"adjust_factor":0.120000000000000000},{"ladder":1,"min_size":4000,"max_size":39999,"adjust_factor":0.200000000000000000},{"ladder":2,"min_size":40000,"max_size":79999,"adjust_factor":0.300000000000000000},{"ladder":3,"min_size":80000,"max_size":null,"adjust_factor":0.400000000000000000}]},{"lever_rate":34,"ladders":[{"ladder":0,"min_size":0,"max_size":3999,"adjust_factor":0.120000000000000000},{"ladder":1,"min_size":4000,"max_size":39999,"adjust_factor":0.200000000000000000},{"ladder":2,"min_size":40000,"max_size":79999,"adjust_factor":0.300000000000000000},{"ladder":3,"min_size":80000,"max_size":null,"adjust_factor":0.400000000000000000}]},{"lever_rate":33,"ladders":[{"ladder":0,"min_size":0,"max_size":3999,"adjust_factor":0.120000000000000000},{"ladder":1,"min_size":4000,"max_size":39999,"adjust_factor":0.200000000000000000},{"ladder":2,"min_size":40000,"max_size":79999,"adjust_factor":0.300000000000000000},{"ladder":3,"min_size":80000,"max_size":null,"adjust_factor":0.400000000000000000}]},{"lever_rate":32,"ladders":[{"ladder":0,"min_size":0,"max_size":3999,"adjust_factor":0.120000000000000000},{"ladder":1,"min_size":4000,"max_size":39999,"adjust_factor":0.200000000000000000},{"ladder":2,"min_size":40000,"max_size":79999,"adjust_factor":0.300000000000000000},{"ladder":3,"min_size":80000,"max_size":null,"adjust_factor":0.400000000000000000}]},{"lever_rate":31,"ladders":[{"ladder":0,"min_size":0,"max_size":3999,"adjust_factor":0.120000000000000000},{"ladder":1,"min_size":4000,"max_size":39999,"adjust_factor":0.200000000000000000},{"ladder":2,"min_size":40000,"max_size":79999,"adjust_factor":0.300000000000000000},{"ladder":3,"min_size":80000,"max_size":null,"adjust_factor":0.400000000000000000}]},{"lever_rate":30,"ladders":[{"ladder":0,"min_size":0,"max_size":3999,"adjust_factor":0.120000000000000000},{"ladder":1,"min_size":4000,"max_size":39999,"adjust_factor":0.200000000000000000},{"ladder":2,"min_size":40000,"max_size":79999,"adjust_factor":0.300000000000000000},{"ladder":3,"min_size":80000,"max_size":null,"adjust_factor":0.400000000000000000}]},{"lever_rate":29,"ladders":[{"ladder":0,"min_size":0,"max_size":3999,"adjust_factor":0.080000000000000000},{"ladder":1,"min_size":4000,"max_size":39999,"adjust_factor":0.150000000000000000},{"ladder":2,"min_size":40000,"max_size":79999,"adjust_factor":0.200000000000000000},{"ladder":3,"min_size":80000,"max_size":119999,"adjust_factor":0.250000000000000000},{"ladder":4,"min_size":120000,"max_size":null,"adjust_factor":0.350000000000000000}]},{"lever_rate":28,"ladders":[{"ladder":0,"min_size":0,"max_size":3999,"adjust_factor":0.080000000000000000},{"ladder":1,"min_size":4000,"max_size":39999,"adjust_factor":0.150000000000000000},{"ladder":2,"min_size":40000,"max_size":79999,"adjust_factor":0.200000000000000000},{"ladder":3,"min_size":80000,"max_size":119999,"adjust_factor":0.250000000000000000},{"ladder":4,"min_size":120000,"max_size":null,"adjust_factor":0.350000000000000000}]},{"lever_rate":27,"ladders":[{"ladder":0,"min_size":0,"max_size":3999,"adjust_factor":0.080000000000000000},{"ladder":1,"min_size":4000,"max_size":39999,"adjust_factor":0.150000000000000000},{"ladder":2,"min_size":40000,"max_size":79999,"adjust_factor":0.200000000000000000},{"ladder":3,"min_size":80000,"max_size":119999,"adjust_factor":0.250000000000000000},{"ladder":4,"min_size":120000,"max_size":null,"adjust_factor":0.350000000000000000}]},{"lever_rate":26,"ladders":[{"ladder":0,"min_size":0,"max_size":3999,"adjust_factor":0.080000000000000000},{"ladder":1,"min_size":4000,"max_size":39999,"adjust_factor":0.150000000000000000},{"ladder":2,"min_size":40000,"max_size":79999,"adjust_factor":0.200000000000000000},{"ladder":3,"min_size":80000,"max_size":119999,"adjust_factor":0.250000000000000000},{"ladder":4,"min_size":120000,"max_size":null,"adjust_factor":0.350000000000000000}]},{"lever_rate":25,"ladders":[{"ladder":0,"min_size":0,"max_size":3999,"adjust_factor":0.080000000000000000},{"ladder":1,"min_size":4000,"max_size":39999,"adjust_factor":0.150000000000000000},{"ladder":2,"min_size":40000,"max_size":79999,"adjust_factor":0.200000000000000000},{"ladder":3,"min_size":80000,"max_size":119999,"adjust_factor":0.250000000000000000},{"ladder":4,"min_size":120000,"max_size":null,"adjust_factor":0.350000000000000000}]},{"lever_rate":24,"ladders":[{"ladder":0,"min_size":0,"max_size":3999,"adjust_factor":0.080000000000000000},{"ladder":1,"min_size":4000,"max_size":39999,"adjust_factor":0.150000000000000000},{"ladder":2,"min_size":40000,"max_size":79999,"adjust_factor":0.200000000000000000},{"ladder":3,"min_size":80000,"max_size":119999,"adjust_factor":0.250000000000000000},{"ladder":4,"min_size":120000,"max_size":null,"adjust_factor":0.350000000000000000}]},{"lever_rate":23,"ladders":[{"ladder":0,"min_size":0,"max_size":3999,"adjust_factor":0.080000000000000000},{"ladder":1,"min_size":4000,"max_size":39999,"adjust_factor":0.150000000000000000},{"ladder":2,"min_size":40000,"max_size":79999,"adjust_factor":0.200000000000000000},{"ladder":3,"min_size":80000,"max_size":119999,"adjust_factor":0.250000000000000000},{"ladder":4,"min_size":120000,"max_size":null,"adjust_factor":0.350000000000000000}]},{"lever_rate":22,"ladders":[{"ladder":0,"min_size":0,"max_size":3999,"adjust_factor":0.080000000000000000},{"ladder":1,"min_size":4000,"max_size":39999,"adjust_factor":0.150000000000000000},{"ladder":2,"min_size":40000,"max_size":79999,"adjust_factor":0.200000000000000000},{"ladder":3,"min_size":80000,"max_size":119999,"adjust_factor":0.250000000000000000},{"ladder":4,"min_size":120000,"max_size":null,"adjust_factor":0.350000000000000000}]},{"lever_rate":21,"ladders":[{"ladder":0,"min_size":0,"max_size":3999,"adjust_factor":0.080000000000000000},{"ladder":1,"min_size":4000,"max_size":39999,"adjust_factor":0.150000000000000000},{"ladder":2,"min_size":40000,"max_size":79999,"adjust_factor":0.200000000000000000},{"ladder":3,"min_size":80000,"max_size":119999,"adjust_factor":0.250000000000000000},{"ladder":4,"min_size":120000,"max_size":null,"adjust_factor":0.350000000000000000}]},{"lever_rate":20,"ladders":[{"ladder":0,"min_size":0,"max_size":3999,"adjust_factor":0.080000000000000000},{"ladder":1,"min_size":4000,"max_size":39999,"adjust_factor":0.150000000000000000},{"ladder":2,"min_size":40000,"max_size":79999,"adjust_factor":0.200000000000000000},{"ladder":3,"min_size":80000,"max_size":119999,"adjust_factor":0.250000000000000000},{"ladder":4,"min_size":120000,"max_size":null,"adjust_factor":0.350000000000000000}]},{"lever_rate":19,"ladders":[{"ladder":0,"min_size":0,"max_size":3999,"adjust_factor":0.040000000000000000},{"ladder":1,"min_size":4000,"max_size":39999,"adjust_factor":0.075000000000000000},{"ladder":2,"min_size":40000,"max_size":79999,"adjust_factor":0.100000000000000000},{"ladder":3,"min_size":80000,"max_size":119999,"adjust_factor":0.150000000000000000}